4775 6150
1351 799 1398 870 16

651 1042 724 1112 lam
752 1039 908 1113 accedam
934 1039 975 1112 ad
1003 1061 1063 1128 ea,
1091 1061 1177 1134 quae
1204 1040 1281 1111 milri
1308 1038 1394 1112 hanc
1420 1039 1547 1112 dicendi
1561 1045 1771 1114 occasionem
1799 1045 1933 1114 omniuo
1959 1041 2206 1138 praebuerunt:

546 1185 668 1252 clanim
707 1200 802 1250 more
837 1190 997 1250 consueto
1034 1176 1206 1250 iudicanda
1241 1187 1336 1266 sunt,
1372 1198 1457 1271 quae
1492 1199 1580 1250 anno
1616 1180 1794 1274 praeierilo
1827 1178 2032 1252 Academiae
2067 1192 2208 1252 nosirae

549 1316 747 1405 acciderint,
783 1314 943 1410 simulque
975 1316 1097 1408 judicia
1126 1313 1285 1387 Ordinem
1315 1315 1530 1388 renuulianda
1556 1316 1598 1388 de
1615 1319 1676 1406 iis,
1702 1319 1757 1410 qui
1770 1321 1981 1413 quaestiones
1995 1341 2083 1392 anuo
2097 1343 2207 1414 prae-

549 1454 696 1549 lcrlapso
722 1459 913 1548 proposilas
940 1455 1076 1527 solvere
1102 1458 1210 1525 conari
1237 1465 1331 1544 sumt,
1358 1477 1399 1526 ac
1425 1454 1565 1550 denique
1591 1475 1702 1526 novae
1716 1457 1927 1547 quaesliones
1953 1458 2205 1552 proponendae.

653 1608 697 1682 Ul
724 1632 743 1680 a
770 1608 869 1681 rebus
895 1611 1018 1682 nostris
1045 1613 1166 1682 initium
1206 1607 1346 1698 faciam,
1382 1620 1488 1682 morte
1522 1607 1616 1682 nobis
1652 1609 1734 1681 duos
1770 1609 1917 1703 collegas
1952 1621 2088 1706 ereptos
2121 1631 2205 1682 esse

551 1746 721 1836 dolemus,
748 1746 886 1818 alierum
921 1768 1035 1820 senem
1064 1747 1265 1819 Fridericum
1292 1744 1563 1842 Chrislophorum
1590 1746 1926 1835 Schlosserum‚
1961 1750 2015 1842 qui
2050 1747 2127 1820 inde
2160 1747 2203 1819 ab

552 1906 639 1956 anno
665 1885 761 1979 hujus
787 1885 911 1957 saccelli
938 1885 1252 1980 decimoseptimo,
1279 1907 1344 1980 quo
1372 1885 1412 1956 ad
1440 1884 1524 1956 lanc
1549 1885 1717 1957 literarum
1731 1882 1843 1957 sedem
1859 1885 2015 1957 historiae
2027 1885 2207 1981 professor

551 2030 691 2096 vocatus
720 2031 789 2111 esf,
817 2021 1031 2094 Academiam
1058 2031 1204 2094 nostram
1232 2029 1266 2092 ef
1291 2021 1442 2094 docendo
1469 2031 1503 2093 et
1529 2021 1705 2094 scribendo
1732 2021 1906 2096 illuslravif
1932 2045 2037 2119 usque
2064 2023 2104 2095 ad
2132 2047 2207 2096 cx-

551 2171 690 2233 tremum
718 2159 791 2231 fere
817 2163 907 2232 vilae
934 2164 1108 2232 ferminum
1143 2181 1241 2254 quem
1266 2163 1371 2253 attigit
1397 2162 1605 2256 nominisque
1640 2164 1691 2233 sui
1718 2160 1837 2232 famam
1873 2182 1933 2256 per
1967 2183 2084 2234 omnes
2111 2161 2205 2234 Ger-

552 2303 681 2370 maniae
707 2308 818 2393 parles
854 2306 1054 2392 exterasque
1094 2318 1225 2391 quoque
1252 2306 1357 2369 ferras
1392 2301 1589 2393 propagavit
1615 2298 1738 2370 ordinis
1773 2297 2043 2394 philosophorum
2071 2303 2206 2372 senior:

553 2437 691 2509 alierum
706 2446 812 2508 merle
827 2444 974 2531 ereptum
985 2436 1136 2529 lugemus
1153 2434 1500 2525 Brackenhoeff,
1515 2437 1595 2527 juris
1611 2435 1839 2531 professorem
1854 2436 2151 2510 exlraordinarium
2171 2443 2204 2509 iu

553 2571 705 2645 docendo
732 2581 765 2644 el
791 2571 967 2644 scribendo
995 2574 1284 2645 accuralissimum.

658 2727 712 2798 Ex
738 2725 856 2799 eodem
883 2725 999 2799 ordine
1009 2727 1319 2832 jurisconsultorum
1333 2725 1484 2798 discessit
1497 2724 1664 2798 lloberfus
1678 2725 1720 2798 de
1745 2725 1884 2814 elohi,
1912 2751 1931 2798 a
1958 2739 2073 2800 noslro
2098 2728 2203 2801 Priu-

554 2867 628 2961 cipe
656 2863 777 2936 Oralor
803 2868 922 2936 missus
950 2863 992 2936 ad
1020 2864 1192 2936 concilium
1215 2863 1403 2957 legatorum
1429 2861 1729 2935 confoederationis
1744 2863 1960 2936 Germanicae
1987 2876 2020 2938 el
2047 2865 2204 2959 dignitate

553 3002 733 3074 consiliarii
760 3005 861 3074 infimi
888 3001 1055 3074 secundae
1082 3000 1198 3076 classis
1225 3011 1377 3074 ornalus:
1414 3000 1566 3074 discessit
1592 3021 1724 3096 quoque
1749 2999 1854 3074 Julius
1879 3001 2006 3099 lolly
2031 3002 2206 3100 professor

554 3140 835 3213 exfraordinarius
866 3178 909 3190 -
939 3162 959 3212 a
987 3138 1130 3213 consiliis
1158 3161 1270 3213 rerum
1296 3139 1498 3237 publicarum
1531 3139 1858 3213 administrandarum
1893 3153 2033 3215 vocatus
2067 3139 2205 3215 (faroli-

553 3278 689 3368 ruham5
730 3277 771 3350 ad
810 3276 1052 3373 Erlaugensem
1088 3276 1345 3352 Universilalcm
1385 3290 1525 3351 vocales
1560 3278 1638 3351 abiit
1664 3278 2004 3374 Marquardseu‚
2030 3280 2204 3377 professor

555 3416 851 3491 extraordinarius.

657 3570 694 3643 ln
722 3571 869 3644 ordinem
895 3571 1126 3667 lheologornm
1152 3572 1295 3644 adscitus
1321 3580 1373 3643 esi
1398 3571 1569 3665 mining,
1597 3578 1650 3668 qui
1677 3598 1697 3646 e
1724 3575 1896 3647 Turicensi
1923 3571 2203 3647 Universiialead

555 3716 701 3825 nostram
729 3706 963 3799 Academiam,
998 3712 1032 3781 in
1059 3730 1124 3803 quo
1151 3708 1229 3781 olim
1251 3712 1320 3801 jam
1347 3709 1523 3815 docuerat,
1563 3710 1676 3784 rediit:
1713 3715 1746 3784 in
1781 3711 1931 3783 ordinem
1975 3710 2199 3804 jurisconsul-

555 3857 664 3921 forum
691 3855 829 3920 vocatus
865 3856 916 3919 esi
951 3845 1099 3920 loannes
1148 3845 1315 3944 Casparus
1362 3846 1638 3938 Blunfschli‚
1691 3848 1846 3944 dignitate
1893 3850 2073 3922 consiliarii
2110 3848 2206 3921 aulici

555 3994 710 4058 ornatus:
737 3984 939 4059 medicorum
967 3986 1074 4060 ordini
1100 3985 1229 4059 additus
1255 3996 1306 4058 esf
1331 3986 1469 4058 Fuehs
1495 3987 1670 4082 professor
1683 3988 1987 4078 extraordinarius,
2014 3991 2068 4082 qui
2095 3986 2204 4059 medi-

555 4128 661 4197 cinam
690 4127 922 4197 veierinariam
950 4124 1164 4197 Caroliruhae
1191 4124 1360 4198 docuerat.
1412 4125 1447 4196 ln
1474 4123 1741 4221 philosophorum
1764 4126 1882 4198 ordine
1895 4126 2062 4199 Guslavus
2089 4124 2205 4197 Weil

554 4262 728 4358 professor
754 4263 1034 4336 extraordinarius
1061 4272 1094 4335 ef
1120 4261 1383 4336 bibliothecarius
1410 4265 1596 4335 nominatus
1622 4275 1672 4335 esf
1706 4263 1879 4359 professor
1915 4264 2100 4337 ordinarius
2133 4263 2203 4335 lin-

556 4424 693 4495 quarum
708 4401 914 4474 orientalium
928 4400 1165 4475 equilielmus
1179 4399 1472 4474 Walienhach
1501 4400 1786 4475 wratislaviensis
1809 4405 2149 4500 nuperrimavocafns
2163 4398 2204 4471 ad

556 4548 702 4612 nostram
728 4538 943 4611 Academiam
969 4539 1142 4636 professor
1168 4538 1353 4614 ordinarius
1379 4538 1546 4612 lisloriae.

658 4692 694 4765 ln
722 4691 910 4785 dignitatem
936 4692 1163 4790 professorum
1190 4694 1528 4769 extraordinariorum
1564 4694 1795 4788 ascenderunt,
1827 4698 1882 4792 qui
1917 4704 2015 4767 antea
2049 4694 2202 4788 privatim

556 4830 758 4920 docuerant,
791 4829 953 4904 llenricus
979 4830 1243 4906 Holinmaun
1277 4842 1311 4905 el
1344 4831 1518 4907 Eduardus
1552 4833 1704 4908 Richm
1737 4836 1771 4905 in
1808 4834 1925 4907 ordine
1960 4831 2203 4926 theologomm,

555 4962 713 5039 (larius
739 4969 773 5040 in
799 4966 915 5042 ordine
941 4968 1220 5066 philosophorum.
