4775 6150
1300 806 1326 877 4

482 1043 572 1118 felici
598 1063 757 1118 successu
789 1051 959 1116 tractatam
987 1063 1084 1133 esse,
1121 1042 1211 1138 qnod
1245 1047 1359 1117 attinet
1392 1043 1435 1117 ad
1469 1044 1581 1117 ltaliae
1618 1055 1653 1117 et
1679 1043 1805 1119 Galliae
1838 1057 1872 1121 et
1906 1047 2140 1145 Hispaniarum

480 1181 742 1270 Universitates,
769 1190 867 1278 atque
892 1179 1117 1254 doctissimum
1144 1155 1279 1276 quoque
1299 1181 1552 1255 Thomassinum
1566 1179 1730 1277 quaedam
1746 1206 1793 1255 ex
1801 1186 1879 1277 jure
1905 1190 2068 1260 canonico
2096 1187 2140 1262 de

482 1319 622 1394 Polonia
655 1315 921 1418 exposuisse:*)
957 1318 1017 1393 sed
1053 1317 1260 1392 celeberrimi
1290 1321 1324 1392 hi
1353 1323 1439 1412 juris
1465 1321 1607 1395 Romani
1642 1331 1676 1394 et
1711 1319 1871 1396 canonici
1903 1334 2142 1421 praeceptores

481 1468 670 1532 nostrarum
709 1455 908 1530 Germaniae
932 1455 1191 1530 Universitatum
1213 1457 1318 1530 studia
1351 1463 1459 1531 minus
1493 1469 1731 1557 respexerunt.
1794 1461 1908 1558 ltaque
1941 1460 2029 1535 haud
2063 1469 2135 1536 scio

483 1617 527 1668 nn
553 1598 626 1692 ipse
652 1615 778 1692 operae
803 1599 943 1692 pretium
969 1593 1116 1666 lecturus
1142 1599 1225 1684 sim,
1252 1599 1281 1668 si
1294 1594 1336 1667 de
1349 1595 1400 1668 his
1425 1596 1539 1669 studiis
1552 1597 1709 1670 nonnulla
1733 1601 1769 1671 in
1785 1598 1928 1671 medium
1953 1599 2136 1696 proferam,

485 1755 571 1829 quae
597 1755 617 1806 e
642 1731 733 1807 libris
759 1731 830 1804 MS.
856 1735 1061 1829 potissimum
1088 1731 1184 1805 ducta
1211 1733 1351 1806 necdum
1378 1737 1511 1827 cognita
1538 1734 1580 1807 ad
1608 1739 1848 1810 accuratiorem
1872 1736 2135 1812 Universitaturn

387 1859 395 1878 ⁹
484 1881 518 1946 ct
543 1873 723 1947 studiorum
748 1875 781 1944 in
808 1870 858 1944 his
884 1880 1098 1944 tractatorum
1125 1874 1350 1964 cognitionem
1382 1872 1531 1944 nonnihil
1565 1872 1680 1946 iacere
1705 1895 1807 1970 posse
1833 1874 2016 1948 videantur.

584 2197 700 2274 Studia
726 2197 907 2294 generalia,
934 2219 1019 2293 quae
1045 2204 1125 2269 tunc
1149 2201 1309 2294 temporis
1336 2196 1505 2286 dicuntur,
1540 2201 1664 2272 institui
1698 2221 1766 2271 non
1792 2209 1963 2295 poterant,
1997 2204 2061 2275 uisi
2095 2225 2136 2276 re

481 2335 524 2412 ad
548 2334 740 2411 Pontificem
766 2338 947 2407 maximnm
974 2333 1081 2406 delata
1108 2345 1141 2407 et
1175 2357 1250 2406 cum
1275 2333 1342 2406 hoc
1376 2344 1531 2407 tractata:
1567 2334 1609 2408 ab
1642 2334 1739 2428 hujus
1775 2340 1862 2409 enim
1896 2337 2135 2434 approbatione

481 2474 671 2574 pendebant
696 2483 763 2546 tam
789 2483 877 2546 artes
903 2472 1057 2546 liberales
1093 2495 1189 2568 quam
1228 2476 1330 2570 ipsius
1365 2471 1555 2566 theologiae
1589 2475 1717 2565 studia,
1742 2476 1835 2567 cujus
1863 2474 2019 2550 doctores
2041 2487 2134 2549 mm-

482 2635 582 2712 quam
607 2614 755 2707 magistri
781 2615 899 2684 artium
925 2609 1078 2705 agebant.
1129 2608 1223 2682 ldem
1249 2610 1323 2683 iere
1350 2608 1486 2683 obtinuit
1511 2614 1545 2684 in
1566 2611 1845 2708 jurisprudentia,
1873 2636 1948 2685 curn
1975 2613 2133 2689 doctores

481 2749 693 2825 decretorum
735 2747 936 2822 haberentur
977 2769 1040 2844 pro
1085 2747 1275 2841 theologiae
1312 2757 1474 2820 externae
1503 2753 1688 2845 magistris3
1723 2749 1812 2823 unde
1844 2751 2064 2846 factumest,
2098 2764 2134 2827 ut

482 2889 638 2964 Clemens
663 2887 722 2964 vt.
748 2889 783 2961 in
809 2885 899 2960 bulla
925 2888 1012 2960 sexti
1038 2883 1186 2958 ianuarii
1213 2887 1289 2958 anni
1324 2885 1489 2959 millesimi
1522 2889 1745 2960 trecentesimi
1780 2886 2022 2984 quadragesimi
2049 2911 2135 2986 sep-

480 3030 549 3102 timi
575 3027 641 3102 hoc
667 3029 846 3101 institutum
860 3046 929 3098 non
956 3032 1078 3098 tantum
1105 3023 1183 3097 utile
1210 3044 1287 3099 esso
1313 3022 1517 3116 declararet,
1551 3025 1611 3098 sed
1637 3028 1737 3099 etiam
1762 3024 1887 3119 gradus
1913 3025 1955 3100 ab
1981 3025 2135 3102 Univer-

482 3170 578 3243 situte
603 3166 766 3260 Pragcnsi
791 3168 983 3262 impetratos
1008 3185 1069 3261 per
1096 3183 1229 3235 omnem
1255 3159 1476 3236 Christianum
1501 3172 1665 3236 terrarum
1686 3162 1809 3236 orbem
1842 3162 1959 3237 valere
1983 3163 2134 3257 juberet:

484 3303 572 3403 quod
606 3314 761 3400 mantum
802 3300 845 3375 ad
870 3286 1028 3376 scientiae
1054 3300 1160 3375 studia
1187 3303 1222 3374 in
1248 3304 1440 3376 universum
1477 3299 1708 3397 promovenda
1743 3299 1907 3392 valuerit,
1940 3321 2038 3374 nemo
2065 3322 2137 3374 non

481 3438 711 3535 intelhgit,⁶*]

584 3577 639 3650 Ac
664 3582 694 3651 si
720 3576 763 3650 ad
788 3576 1045 3651 Universitatem
1072 3576 1276 3671 Pragcnsem
1311 3563 1653 3672 respicias'tanquam
1688 3585 1860 3672 parentem
1885 3576 2138 3649 universitatum

483 3714 701 3807 Germaniae,
727 3736 812 3812 qnae
826 3738 873 3789 ex
899 3718 1093 3789 auctoritate
1111 3712 1278 3787 Pontificis
1291 3713 1418 3786 Summi
1442 3716 1586 3787 instituta
1611 3722 1674 3804 est,
1699 3714 1797 3788 simul
1821 3713 2059 3788 recurrendum
2085 3723 2137 3787 est

345 3819 348 3830 Ι
481 3854 524 3927 ud
549 3855 622 3946 ejus
647 3860 765 3925 statum
791 3853 959 3950 politicum
985 3863 1019 3926 et
1053 3856 1324 3941 oeconomicum,
1360 3851 1551 3946 quomodo
1587 3861 1762 3947 regeretur
1797 3862 1831 3924 et
1865 3862 2136 3929 conservaretur.

486 4044 902 4068 Μ

586 4170 619 4254 ⁶)
642 4176 782 4237 Clemens
810 4178 950 4253 pontifex
981 4179 1017 4237 V.
1055 4178 1093 4237 de
1124 4178 1232 4237 aaudfis
1263 4178 1455 4257 generalibus
1483 4179 1516 4235 in
1546 4177 1621 4236 urba
1655 4177 1786 4254 Romae,
1817 4178 2008 4255 Bonnoniae,
2044 4178 2138 4237 Sala-

482 4300 631 4375 mentica,
656 4296 822 4356 Oxonienai
842 4302 956 4357 tractat
977 4296 1069 4357 Clam.
1095 4302 1120 4358 1.
1141 4298 1177 4356 V.
1205 4302 1230 4357 1.

585 4411 640 4495 ”)
661 4422 709 4478 De
730 4419 936 4480 Universitate
959 4422 1107 4499 Pragensi
1137 4426 1260 4481 axatrmt
1280 4422 1366 4479 varia
1388 4420 1442 4479 aad
1469 4438 1531 4480 non
1559 4420 1633 4477 satis
1662 4425 1804 4479 accurate
1830 4420 2001 4495 perscripta
2028 4436 2136 4495 operae

481 4538 630 4617 Strbel,
654 4539 839 4601 Geaohichts
861 4540 914 4600 dar
933 4540 1131 4617 juriatiachen
1153 4542 1295 4601 Faculiiii
1318 4543 1338 4600 3
1361 4539 1474 4599 Binda.
1506 4540 1590 4618 Prag
1615 4541 1707 4600 1877.
1749 4541 1866 4618 Vogt,
1888 4540 2027 4599 Varsuoh
2055 4542 2139 4599 einer

483 4658 668 4720 Gaachichhs
689 4659 743 4719 dar
763 4662 952 4721 Universititt
973 4663 1065 4740 Prag.
1110 4662 1319 4739 Prag,1'lid.
1361 4660 1481 4719 Liber
1502 4660 1751 4719 Decanornm
1777 4660 1880 4721 {mule
1907 4661 2139 4737 phssosophicae

481 4778 699 4841 Universitaiis
721 4784 895 4863 Prsgenais.
919 4785 1143 4862 PragaelssdO.
1187 4782 1347 4842 Siatnta
1368 4782 1664 4841 Universitatis
1686 4782 2140 4860 hagensis-conjuncta

483 4919 576 4979 opera
597 4904 635 4963 D.
658 4904 785 4965 Antonii
805 4906 940 4966 Diiirich
963 4910 994 4965 et
1015 4906 1052 4964 D.
1078 4904 1206 4964 Antonii
1226 4904 1318 4980 Spiris
1331 4902 1541 4981 (Monumenta
1561 4904 1707 4963 historica
1721 4909 1743 4963 7
1755 4902 1824 4980 ΙΠ).
1876 4903 2039 4980 Tomalr,
2069 4902 2139 4962 Ge-

483 5023 621 5084 sshichis
643 5026 697 5086 der
719 5028 838 5108 Preger
862 5027 1059 5088 Universihiti.
1103 5028 1187 5105 Prag
1213 5028 1303 5085 1849.
