4775 6150
1049 793 1092 866 11

346 1035 419 1121 Quo
463 1033 561 1107 modo
605 1033 676 1106 lieri
710 1037 835 1129 potuit,
881 1044 916 1106 ut
952 1037 1070 1106 seriori
1106 1043 1255 1129 tempore
1290 1003 1325 1104 a¹
1345 1032 1499 1106 facultate
1534 1036 1604 1128 ipsa
1640 1031 1680 1104 ad
1717 1032 1897 1106 electorem

240 1167 531 1264 rescriberetur*)

448 1309 525 1382 dass
553 1309 607 1380 die
636 1308 802 1380 auditores
830 1331 903 1379 num
933 1306 1028 1379 Theil
1056 1309 1087 1377 in
1115 1306 1190 1378 denr
1217 1305 1473 1396 irrigenWabn
1500 1327 1637 1396 waren,
1663 1306 1740 1380 dass
1765 1310 1799 1380 in
1826 1329 1896 1380 ex-

450 1447 610 1543 plicandis
639 1442 861 1518 decretalibus
887 1445 994 1518 nichts
1021 1442 1228 1516 sonderlicbs
1254 1443 1464 1516 fruebtlicbcs
1490 1443 1595 1516 doeirt
1621 1443 1751 1518 werde.

346 1585 442 1673 Quod
468 1583 712 1676 Heidelbergae
738 1581 861 1656 lactum
887 1591 957 1668 est,
979 1581 1078 1659 ,idem
1114 1585 1147 1653 in
1184 1584 1304 1653 ceteris
1338 1581 1593 1657 Protestantium
1620 1581 1895 1656 Universitatibus

240 1726 427 1796 invonitur:
455 1743 563 1814 neque
590 1743 669 1792 casu
697 1721 845 1792 ellectum
873 1742 949 1791 esse
976 1719 1123 1807 videtur,
1151 1728 1186 1789 ut
1212 1722 1244 1789 in
1259 1717 1500 1791 catholicorum
1513 1719 1788 1793 Universitatibus
1810 1723 1896 1813 juris

249 1861 408 1934 Canonioi
433 1863 487 1933 vis
514 1867 547 1930 et
573 1857 713 1951 dignitas
739 1861 1008 1944 imminueretur,
1044 1865 1077 1926 et
1112 1855 1252 1928 ambitus
1285 1867 1419 1949 totaque
1431 1855 1613 1928 studiorum
1627 1860 1711 1930 ratio
1738 1882 1895 1932 unacum

245 2008 428 2093 systemate
451 1998 536 2089 juris
562 2017 622 2092 per
650 1995 860 2066 christianum
888 1993 1001 2065 orbem
1028 2005 1211 2088 propagato
1241 1993 1430 2065 laederetur
1464 2006 1561 2088 atque
1580 1997 1658 2068 inde
1677 1995 1895 2071 delaberetur.

247 2135 285 2206 ln
313 2157 411 2230 quem
437 2133 535 2206 finem
563 2132 647 2204 adeo
675 2135 843 2226 respicere
857 2131 933 2202 licet
959 2130 1000 2204 ad
1015 2129 1666 2228 universitatemtngotsratriensem.**]
1719 2135 1831 2229 Atque
1849 2158 1896 2206 ex
1972 2173 1978 2182 -

248 2271 310 2344 bac
336 2270 464 2344 Ottonis
492 2269 627 2342 llenrici
653 2269 890 2340 reformatione
916 2269 1022 2340 nullus
1049 2269 1175 2341 Rector
1202 2289 1247 2342 ex
1272 2269 1451 2344 lectoribus
1473 2275 1558 2364 juris
1585 2271 1743 2347 Canonici
1770 2274 1896 2348 electus

247 2419 299 2483 est
327 2408 498 2503 usquead
526 2430 644 2480 annum
672 2429 714 2477 m.
741 2409 1064 2501 septingentesimum
1092 2404 1347 2501 octavum.“*)

352 2547 432 2618 Erat
458 2544 665 2618 solummodo
679 2541 901 2616 Decretalium
930 2541 1125 2637 professor,
1152 2549 1205 2638 qui
1224 2544 1447 2618 Decretalium
1473 2545 1592 2619 librum
1618 2547 1799 2622 secundum
1825 2573 1895 2624 ex-

248 2683 411 2782 plicabat,
438 2694 471 2755 et
498 2707 544 2754 ex
570 2705 635 2776 quo
664 2683 759 2756 simul
783 2682 983 2776 judiciorum
1010 2681 1191 2753 doctrinam
1219 2682 1385 2756 tradebat:
1412 2693 1480 2756 tres
1506 2707 1593 2757 nunc
1619 2691 1775 2764 nominati
1801 2699 1897 2762 erant

243 2825 329 2916 juris
357 2824 463 2894 civilis
489 2821 700 2917 professores
730 2863 776 2876 »-
804 2819 977 2916 professor
1004 2819 1156 2910 CodiciS,
1184 2823 1238 2914 qni
1264 2831 1380 2917 postea
1402 2825 1501 2894 etiarn
1522 2825 1577 2914 jus
1605 2824 1768 2919 publicum
1793 2848 1898 2899 assu-

246 2960 375 3051 mebat,
403 2959 522 3032 deinde
549 2959 788 3032 institutionum
815 2970 848 3032 et
874 2957 1114 3030 Pandectarum
1140 2959 1373 3055 professores,
1400 2983 1538 3054 quorum
1566 2965 1658 3056 prior
1678 2964 1734 3054 jus
1761 2973 1898 3036 naturae

249 3108 282 3171 et
310 3098 498 3186 criminale,
527 3098 611 3170 alter
632 3099 687 3189 jus
715 3096 847 3169 feudale
874 3094 1135 3191 docebat.**'⁵*)

352 3236 389 3307 ln
416 3235 520 3307 tribus
556 3240 684 3309 statutis
719 3232 854 3329 (1558,
885 3236 996 3324 1588,
1028 3232 1147 3330 1672]
1182 3239 1303 3309 salaria
1337 3237 1455 3308 borum
1492 3248 1634 3331 quatuor
1667 3240 1897 3335 professorum

247 3377 421 3447 constituta
449 3382 482 3443 et
509 3381 603 3445 aucta
631 3374 822 3445 indicantur.
874 3376 968 3461 Quae
1007 3384 1126 3446 statuta
1162 3384 1196 3444 ut
1222 3377 1357 3446 maximi
1382 3384 1458 3446 sunt
1483 3380 1638 3447 momenti
1652 3385 1686 3448 et
1699 3379 1898 3450 transierunt

246 3511 280 3580 in
303 3519 420 3582 statuta
444 3512 578 3582 aliarum
602 3514 769 3583 civitatum
788 3512 1061 3601 Protestantium,
1088 3515 1130 3582 ito
1159 3516 1238 3583 satis
1265 3510 1440 3585 ostendunt
1461 3514 1546 3605 juris
1573 3513 1733 3584 Canonici
1753 3522 1897 3609 'parvam

244 3670 307 3743 per
333 3648 385 3718 illa
414 3658 565 3742 tempora
592 3648 695 3723 fuisse
722 3653 791 3720 vim
818 3658 851 3719 et
877 3654 1115 3726 auctoritatem.
1168 3648 1286 3743 Neque
1312 3672 1396 3721 vero
1420 3651 1514 3723 aliter
1540 3652 1612 3723 aliis
1638 3655 1669 3724 in
1697 3652 1896 3726 Protestan-

244 3787 324 3855 tium
350 3784 629 3857 Universitatihus
655 3808 711 3859 res
738 3810 776 3859 se
803 3788 931 3860 babuit:
958 3796 1083 3859 tantum
1109 3788 1292 3862 senioribus
1327 3810 1373 3860 en
1398 3787 1600 3884 temporibus
1627 3810 1711 3884 opus
1738 3792 1895 3861 eximium

244 3920 371 3993 laudari
398 3931 507 4017 potest
543 3925 570 3994 J.
600 3924 638 3995 H.
665 3924 838 4016 Btthmeri,
873 3928 928 4019 qui
963 3928 1211 3997 accuratissime
1245 3925 1355 3998 fontes
1385 3928 1472 4018 juris
1497 3926 1656 3999 oanonict
1691 3931 1896 3999 examinavit

243 4062 416 4155 ipsumque
444 4071 673 4153 argumentum
701 4063 860 4136 subtiliter
887 4063 1091 4159 disquisivit,
1118 4086 1321 4158 operamque
1348 4085 1480 4136 omnem
1508 4064 1612 4155 dedit,
1639 4089 1682 4137 ne
1705 4067 1761 4157 jus
1778 4066 1893 4138 (lano-

244 4200 374 4287 nicum,
402 4196 489 4291 quod
517 4198 557 4269 ad
584 4198 837 4274 Protestantium
865 4206 1015 4275 civitates
1044 4205 1176 4293 attinet,
1203 4225 1340 4297 prorsus
1366 4206 1527 4277 interiret.

349 4400 382 4483 *)
405 4406 538 4465 Annales
561 4413 583 4465 t.
605 4409 663 4465 XI.
687 4408 738 4466 fol.
764 4410 942 4467 att-280.

347 4520 402 4601 ⁸)
431 4528 566 4585 Annales
589 4528 850 4605 Ingolstadtiensis
880 4528 1064 4587 Academias
1094 4529 1274 4587 inchoarunt
1300 4530 1478 4587 Valentinus
1505 4532 1669 4588 Rotmarus
1705 4534 1736 4588 et
1763 4528 1896 4587 Joannas

243 4646 418 4723 Engerdus,
444 4648 556 4705 emend.
580 4651 666 4706 auxit
690 4652 819 4707 continu.
843 4650 1136 4725 Joann-Nepomuo.
1161 4649 1343 4707 Medarer.
1365 4650 1544 4727 Ingolstadt,
1571 4654 1660 4709 1782.

348 4761 424 4844 m)
447 4768 579 4828 Schwab
602 4772 706 4845 syllab.
730 4776 880 4830 rectorum
902 4776 923 4829 t.
946 4772 983 4829 11.
1007 4790 1035 4847 p.
1064 4772 1234 4847 titt-sqq.

347 4882 443 4964 Μ’)
465 4889 533 4957 Quo
555 4890 644 4948 modo
667 4908 722 4964 par
743 4890 861 4948 Italiam
877 4892 1024 4965 speciales
1047 4890 1203 4949 doctrinas
1223 4909 1400 4968 processus,
1420 4892 1499 4966 juris
1528 4890 1657 4949 feudalis
1680 4897 1711 4949 et
1732 4892 1895 4950 criminalis

246 5010 471 5092 escolmentor,
490 5010 555 5084 jam
577 5012 615 5067 ab
638 5012 704 5069 aliis
729 5012 913 5086 explicatum
936 5018 989 5070 ast
1035 5013 1073 5071 cf.
1096 5012 1283 5069 Rosshirt
1303 5013 1374 5070 hist
1398 5017 1429 5069 et
1451 5017 1524 5087 syst
1544 5013 1603 5085 jur.
1627 5015 1708 5071 crim.
1731 5018 1801 5086 part
1821 5013 1846 5069 L
