4775 6150
1338 792 1364 868 8

635 1039 674 1112 ln
700 1038 925 1112 Universitate
949 1035 1114 1129 Prngcnsi
1136 1035 1191 1126 jus
1217 1033 1403 1108 Romanum
1427 1033 1636 1108 solummodo
1663 1055 1709 1106 ex
1734 1037 1809 1127 jure
1830 1031 2000 1109 canonico
2027 1041 2191 1132 cognosci

530 1185 681 1277 poterat,
708 1180 754 1249 uti
782 1174 881 1258 docet
907 1173 1055 1248 Tomek:
1082 1180 1117 1246 in
1142 1172 1321 1246 Parisieusi
1347 1171 1484 1247 obtinuit
1496 1171 1636 1246 Honorii
1662 1176 1852 1248 constitutio
1882 1196 2007 1270 ,super
2025 1171 2186 1271 specula“

534 1353 579 1370 -
608 1320 642 1388 iu
668 1311 945 1408 Heidelbergensi
971 1314 1080 1386 rarius
1105 1321 1230 1384 tantum
1261 1312 1347 1402 juris
1372 1311 1480 1384 civilis
1514 1310 1741 1407 professorem
1776 1314 1954 1384 institutum
1988 1314 2190 1386 invenimus.

529 1451 722 1529 Studiorum
749 1462 782 1525 et
808 1451 976 1524 literarum
1003 1455 1186 1536 rationem,
1213 1448 1319 1542 qualis
1344 1447 1665 1543 inHeidelbergensi
1676 1448 1902 1524 Universitate
1914 1448 2036 1540 floruit,
2062 1452 2191 1546 optime

532 1594 766 1686 cognoscimus
794 1611 814 1662 e
841 1586 964 1663 Codice
989 1585 1264 1682 Heidelbergensi
1289 1596 1357 1660 torn
1383 1587 1428 1678 l.;
1454 1586 1531 1659 inde
1557 1588 1786 1682 intelligimus,
1813 1609 1877 1683 quo
1911 1585 2015 1661 modo
2053 1597 2088 1659 et
2121 1608 2188 1681 qua

531 1731 662 1801 ratione
688 1726 928 1823 praelectiones
955 1724 997 1798 de
1023 1727 1169 1798 Decreto
1195 1735 1228 1797 et
1263 1723 1306 1797 de
1331 1724 1560 1798 Decretelibus
1587 1723 1717 1797 habitae
1743 1727 1827 1814 siut,
1864 1747 1929 1820 quo
1962 1723 2065 1798 modo
2099 1747 2185 1820 pro-

530 1867 694 1938 motiones
721 1863 829 1936 fectae
855 1865 940 1954 sint,
966 1869 1063 1958 atque
1090 1860 1145 1934 ubi
1172 1861 1214 1936 de
1228 1861 1400 1934 doctoratu
1414 1863 1495 1954 juris
1509 1865 1638 1957 agitur,
1665 1861 1809 1935 additum
1823 1865 2011 1936 invenimus
2043 1864 2183 1958 ,scieu-

531 2002 630 2093 dum,
657 2000 746 2096 quod
772 2001 911 2074 facultas
934 2002 1018 2093 juris
1045 1999 1163 2074 desinit
1187 2003 1223 2072 in
1247 1997 1398 2096 legistis“
1433 2040 1477 2053 -
1505 2004 1653 2095 sequitur
1677 1999 1781 2073 index
1806 2003 2050 2098 promotionum
2065 1989 2183 2093 'usque

531 2137 574 2213 ad
599 2139 767 2212 succidam
792 2137 952 2210 decimum
981 2139 1126 2231 quintum
1152 2140 1378 2229 continuatus,
1403 2141 1439 2209 in
1464 2160 1529 2234 quo
1556 2142 1585 2211 si
1606 2136 1737 2233 quando
1750 2139 1869 2234 legista
1895 2146 2185 2229 commemoretur,

533 2282 563 2353 is
590 2277 632 2351 de
659 2276 774 2349 codice
809 2276 1054 2373 praelectiones
1088 2275 1204 2349 babet:
1240 2275 1423 2372 pandectae
1458 2280 1529 2351 istis
1564 2276 1765 2374 temporibus
1799 2280 1861 2350 vix
1894 2283 2049 2370 cognitae
2080 2276 2185 2351 fuisse

533 2415 709 2491 videntur:
742 2419 776 2486 in
798 2417 875 2509 jure
903 2417 1065 2487 canonico
1091 2414 1304 2488 collectiones
1330 2417 1484 2509 andqune
1501 2437 1635 2510 quoque
1660 2414 1918 2510 ignorabantur,
1943 2423 1979 2487 ut
2005 2435 2050 2488 ex
2075 2414 2185 2488 indice

533 2553 713 2643 librorum,
742 2574 840 2647 quem
866 2551 953 2624 idern
980 2551 1091 2625 codex
1116 2551 1265 2648 profert,
1300 2555 1381 2626 satis
1408 2561 1555 2651 apparet.
1610 2552 1738 2625 Primus
1772 2552 1892 2648 legista
1926 2563 2000 2625 erat
2023 2551 2190 2627 Dominus

539 2689 725 2766 Matthaeus
742 2692 995 2790 protonotarius
1021 2689 1280 2784 Arragonensis.

638 2829 817 2900 Doctrinae
844 2847 966 2924 opera,
993 2826 1108 2924 quibus
1134 2827 1220 2901 illius
1245 2829 1403 2925 temporis
1423 2826 1647 2901 iureconsulti
1671 2826 1856 2920 utebantur,
1882 2833 1916 2902 in
1929 2827 2048 2901 eodem
2062 2827 2190 2918 codice,

536 2968 591 3062 qui
617 2966 733 3039 borum
760 2986 897 3064 operum
924 2977 1112 3039 accuratum
1139 2971 1286 3040 continet
1310 2964 1473 3058 indicem,
1507 2965 1707 3039 exbibentnr
1733 2966 1789 3039 vel
1815 2969 1935 3063 scripta
1971 2965 2013 3038 de
2048 2964 2185 3040 decreto

536 3117 572 3179 et
598 3104 836 3197 decretalibus,
863 3108 984 3202 scripta
1010 3104 1210 3195 lnnocentii,
1235 3104 1442 3195 Hostiensis,
1475 3104 1654 3195 Andreae,
1690 3104 1902 3199 Mandagoti,
1939 3103 2189 3193 Arcbidiaconi,

537 3253 571 3316 et
596 3246 668 3340 ipsa
692 3242 830 3317 fontium
857 3264 961 3339 opera
987 3244 1045 3317 vel
1071 3264 1175 3340 opera
1201 3245 1243 3316 ad
1270 3266 1364 3317 usum
1402 3247 1582 3341 practicam
1607 3248 1824 3339 pertinentia,
1859 3251 1894 3315 ut
1919 3265 2002 3339 opus
2028 3239 2188 3331 Ducendi,

536 3381 725 3473 Rolandini,
759 3402 805 3454 ex
831 3379 947 3479 quibus
973 3379 1124 3455 omnibus
1149 3384 1308 3476 cognosci
1342 3391 1472 3477 potest,
1501 3384 1558 3473 jus
1592 3385 1786 3453 canonicum
1819 3404 1879 3455 sua
1914 3401 2022 3475 enque
2053 3382 2189 3477 propria

537 3518 691 3593 babuisse
717 3516 823 3591 verba
850 3529 883 3590 et
909 3517 1092 3592 vocabula:
1120 3518 1261 3614 denique
1287 3521 1510 3593 institutiones
1533 3522 1615 3611 Juris
1628 3517 1789 3609 Romani,
1817 3515 1935 3590 Codex
1954 3518 2190 3607 tustintaneus,

537 3656 599 3732 sed
616 3656 856 3730 Pandectarum
883 3654 1089 3730 solummodo
1115 3666 1248 3753 partes,
1274 3658 1415 3754 denique
1442 3656 1656 3731 vocabularia
1670 3658 1767 3750 juris.
1819 3653 2186 3751 Reperiunturquctpue

538 3801 573 3871 iu
598 3795 648 3869 his
675 3796 758 3868 alius
784 3798 969 3889 argumenti
995 3794 1080 3886 libri,
1108 3794 1282 3867 ntBoetbii
1310 3796 1515 3885 consolatio,
1542 3793 1695 3869 Senecae
1720 3792 1816 3867 ludus
1846 3792 1889 3866 de
1913 3801 2020 3865 morte
2048 3789 2190 3881 clandii,

539 3934 633 4033 plura
659 3932 701 4005 ad
726 3932 926 4027 theologiam
952 3935 1132 4029 spectantia
1157 3932 1338 4006 volumina.
1351 3926 1393 4025 *)

642 4070 689 4143 lta
716 4092 831 4144 omues
856 4069 951 4160 libri,
977 4068 1305 4165 quosUniversitntis
1322 4068 1518 4143 bibliotbeca
1544 4070 1730 4164 acquisivit,
1755 4069 1786 4139 in
1800 4065 1888 4139 bunc
1904 4065 2190 4161 quoqueindicem

539 4208 635 4282 relati
660 4218 746 4300 sunt,
773 4210 828 4302 qui
854 4207 991 4306 praebet
1016 4206 1285 4281 bibliothecarum
1311 4219 1389 4280 tunc
1414 4210 1572 4304 temporis
1599 4208 1847 4279 constitutarum
1872 4206 2029 4301 speciem.

643 4345 789 4419 Praefuit
814 4344 1029 4419 Universitati
1041 4346 1359 4419 vicecancellarius:
1386 4347 1514 4419 Rector
1538 4366 1585 4416 ex
1605 4346 1728 4417 artistis
1749 4340 1932 4435 eligebatur
1953 4350 1988 4413 et
2007 4340 2191 4415 vocabatur

540 4483 665 4558 Recton
690 4487 913 4558 universitatis
948 4483 1045 4560 studii
1079 4483 1391 4578 Heidelbergensis;
1425 4485 1558 4579 saepius
1592 4480 1796 4578 appellantur
1833 4480 2001 4571 ,Rector,
2032 4477 2186 4552 doctores

540 4632 575 4696 et
599 4625 747 4717 magistri
772 4621 1004 4697 Universitatis
1029 4620 1330 4717 Heidelbergensis.
1396 4620 1526 4694 Primus
1551 4618 1726 4718 professor
1747 4620 1831 4711 juris
1858 4614 2017 4691 canonici
2042 4616 2189 4691 loannes

540 4758 630 4833 Voet
655 4758 734 4851 fuit,
759 4763 876 4833 artium
902 4781 1034 4854 quoque
1061 4762 1220 4853 magister
1245 4768 1279 4832 et
1304 4757 1441 4833 Rector.
1493 4756 1668 4853 Pragabic
1681 4766 1831 4831 venerat.
1881 4756 2089 4850 Legistarum
2102 4754 2191 4828 nulla

644 5012 678 5097 ⁹)
699 5019 858 5080 Librorum
878 5019 930 5079 hic
956 5024 1179 5079 asservatorum
1207 5018 1300 5077 index
1330 5017 1402 5078 huic
1431 5016 1634 5078 dmssrtstioni
1662 5016 1836 5093 appendicis
1856 5016 1924 5076 loco
1947 5016 2078 5075 addibrr.
