4775 6150
1304 785 1353 856 20

495 1031 567 1102 ahie
594 1025 808 1124 scriptoribus
835 1031 868 1099 in
895 1025 957 1098 hac
984 1024 1130 1098 doctrina
1158 1027 1307 1122 prolatae
1334 1035 1420 1098 sunt.
1473 1027 1565 1114 Quae
1592 1050 1667 1098 curn
1692 1029 1835 1119 itasint,
1863 1028 1946 1101 ordo
1970 1029 2151 1102 iuriscon-

497 1168 655 1242 sultorum
671 1169 965 1237 commentationes
989 1162 1151 1235 exhibitas
1166 1168 1316 1258 proemio
1345 1161 1597 1256 dignashabere
1624 1186 1690 1236 uon
1716 1167 1829 1261 potuit
1881 1167 2151 1263 Priorisquidem

497 1305 781 1378 commentationis
808 1313 925 1375 auctor
959 1303 1114 1374 nonnulla
1141 1305 1319 1399 specimina
1348 1300 1534 1394 diligentiae
1560 1312 1595 1372 et
1621 1301 1821 1374 assiduitatis
1835 1303 2001 1394 exhihuit3
2029 1304 2152 1377 ohser-

495 1447 646 1515 vationes
674 1441 714 1512 ah
742 1463 782 1510 eo
809 1440 958 1534 prolatae
986 1461 1051 1511 non
1078 1462 1156 1512 raro
1183 1443 1306 1532 ingenii
1333 1461 1469 1511 acumen
1497 1438 1740 1513 demonstrant:
1777 1461 1873 1534 quum
1909 1440 1952 1513 oh
1979 1463 2051 1513 rem
2066 1443 2149 1514 ordo

494 1579 809 1651 Jurisconsultorum
838 1585 1007 1648 auctorem
1034 1577 1213 1650 honorifica
1249 1581 1415 1648 mentione
1452 1577 1585 1668 dignum
1607 1577 1776 1669 judicavit.
1835 1577 1872 1649 ld
1908 1600 1992 1649 vero
2030 1599 2150 1674 repre-

497 1715 702 1788 hendendum
731 1725 801 1803 est,
838 1712 925 1809 quod
953 1724 1068 1786 auctor
1094 1715 1228 1786 alterius
1255 1717 1557 1802 commentationis,
1584 1718 1638 1810 qui
1667 1712 1796 1808 quidem
1831 1714 2031 1787 dillerentias
2065 1719 2150 1787 inter

496 1859 620 1926 crimen
648 1852 721 1924 falsi
749 1867 781 1923 et
808 1850 1010 1923 stellionatus
1038 1875 1109 1923 cum
1152 1851 1348 1924 dexteritate
1374 1854 1513 1949 quadam
1540 1856 1715 1948 exposuit,
1752 1856 1940 1948 neutiquam
1976 1857 2149 1949 puritatem

496 2003 529 2064 et
556 1993 753 2086 elegantiam
781 1993 943 2062 sermonis
969 1990 1058 2061 latini
1086 1990 1252 2080 exhihuit,
1279 2001 1312 2061 et
1325 1994 1357 2063 iu
1371 1991 1435 2061 line
1454 1993 1739 2062 commentationis
1750 1991 1869 2081 jocosa
1884 1989 2024 2085 quadam
2038 2011 2150 2062 rerum

496 2134 709 2216 tractatione,
736 2151 820 2223 quae
847 2149 865 2196 a
893 2131 1050 2198 scientiae
1076 2132 1241 2218 gravilate
1268 2139 1301 2198 et
1327 2129 1482 2221 dignitate
1509 2126 1684 2217 abhorret,
1711 2149 1789 2198 usus
1815 2137 1875 2199 est.

599 2301 689 2372 Ordo
716 2300 988 2371 Medicorum
1014 2303 1205 2394 proposuit:
1235 2299 1502 2394 „Experimentis
1531 2309 1683 2388 eruatur,
1706 2322 1782 2370 num
1803 2299 1918 2370 iisdem
1939 2301 2151 2373 irritamentis

497 2439 646 2511 adhibitis
673 2438 821 2530 fatigatio
850 2458 1030 2509 nervorum
1059 2448 1091 2507 et
1117 2439 1341 2508 musculorum
1367 2441 1557 2508 excisorum
1579 2435 1796 2531 dependeata
1825 2440 2003 2529 quantitate
2034 2443 2150 2533 operis

495 2579 697 2666 mechanici,
724 2576 810 2670 quod
839 2575 1005 2646 musculus
1033 2576 1312 2648 contractionibus
1338 2573 1512 2671 perlecit.“

599 2753 729 2821 Auctor
755 2748 1014 2839 dissertationis,
1042 2751 1095 2820 cui
1121 2746 1228 2818 verha
1256 2745 1441 2818 llumholdii

707 2886 782 2978 ,die
810 2885 1086 2978 Schwierigheit,
1113 2884 1165 2956 die
1192 2884 1588 2978 Leheuserscheinungen
1616 2885 1675 2957 des
1694 2884 1910 2978 Organismus
1937 2883 1997 2956 aui
2020 2884 2144 2981 physi-

700 3023 846 3097 kalisehe
865 3023 930 3096 und
951 3023 1136 3096 chemische
1151 3021 1292 3095 Gesetae
1306 3021 1533 3118 helriedigend
1551 3021 1856 3114 zuritcluuuitihren,
1883 3024 1963 3119 liegt
1976 3045 2144 3119 grossem-

702 3163 796 3235 theils
824 3168 857 3235 in
885 3162 1193 3257 derComplicalion
1222 3161 1283 3231 der
1309 3162 1604 3256 Erschoinungeu,
1631 3166 1665 3234 in
1692 3162 1915 3235 derVielzahl
1933 3163 2143 3259 gleichzeitig

702 3299 893 3373 wirhender
919 3300 1054 3391 Krahe,
1081 3305 1150 3371 wie
1178 3300 1239 3371 der
1265 3300 1506 3394 Bedingungeu
1533 3301 1622 3371 ihrer
1649 3296 1859 3393 Thatigheit“

494 3439 644 3536 praelixa
671 3450 764 3530 surut,
805 3462 966 3511 summam
1003 3442 1206 3532 quaestionis
1232 3443 1422 3533 propositae
1457 3438 1543 3507 hene
1578 3439 1762 3511 illustravit.
1815 3437 1901 3509 Nam
1927 3458 2050 3530 magno
2079 3454 2146 3509 ex-

495 3581 753 3673 perimentorum
780 3598 916 3649 numero
942 3580 1144 3672 promptius,
1172 3600 1267 3669 aquam
1295 3580 1348 3669 qui
1377 3586 1472 3647 antea
1500 3600 1571 3646 rem
1598 3584 1843 3664 tractaverunt,
1880 3578 2053 3670 aptiusque
2080 3572 2146 3644 de-

496 3720 712 3805 monstrauit,
739 3726 907 3811 torporem
936 3716 1092 3804 musculi,
1120 3715 1236 3785 eadem
1263 3735 1445 3785 nervorum
1471 3716 1679 3801 incitatione,
1716 3735 1758 3785 eo
1785 3715 1878 3784 citius
1905 3715 2041 3805 augeri,
2077 3732 2142 3805 quo

495 3857 601 3945 magis
637 3857 707 3947 ipse
743 3864 798 3923 aut
833 3851 1048 3942 extendatur,
1084 3861 1139 3923 aut
1172 3856 1201 3923 si
1237 3850 1277 3921 ab
1314 3855 1508 3923 extentione
1544 3850 1758 3941 discesseris,
1793 3850 1908 3922 labore
1944 3847 2144 3944 perficiendo

494 3990 673 4063 relaxetur.
726 3990 822 4061 Ratio
850 3990 1001 4085 quidem,
1037 4012 1101 4083 qua
1134 4000 1250 4060 auctor
1276 3992 1309 4059 in
1345 3992 1545 4080 argumentis
1582 3987 1793 4082 disponendis
1829 4010 1907 4061 usus
1941 3996 2004 4075 est,
2039 3988 2145 4057 minus

496 4127 745 4199 accommodate
773 4131 951 4215 suracessit,
985 4126 1045 4199 sed
1072 4136 1105 4197 et
1132 4126 1247 4198 hrevis
1274 4132 1430 4222 temporis
1466 4130 1716 4198 excusationem
1750 4123 1868 4215 hahet,
1903 4145 2011 4217 neque
2046 4122 2145 4214 digna

496 4276 566 4355 est,
593 4288 678 4358 quae
705 4268 810 4337 serius
838 4268 1063 4359 vituperetur,
1089 4287 1208 4359 quum,
1238 4286 1321 4358 quae
1350 4268 1469 4359 optima
1496 4268 1537 4335 sit
1554 4263 1759 4360 procedendi
1786 4262 1979 4350 methodus,
2007 4286 2052 4333 ex
2065 4264 2144 4356 ipsis

495 4403 594 4476 modo
622 4406 856 4499 experimentis
884 4406 1006 4477 sensim
1032 4407 1221 4496 sensimque
1248 4407 1399 4499 patuerit.
1452 4403 1488 4475 lu
1515 4402 1693 4474 tractandis
1708 4424 1840 4497 quoque
1852 4405 2032 4498 principiis,
2059 4421 2145 4495 quae

500 4541 541 4614 ad
568 4542 791 4613 mechanicam
818 4552 987 4636 spectant,
1015 4542 1191 4637 explicatio
1220 4552 1378 4613 nontam
1405 4543 1578 4635 perspicua
1610 4552 1680 4629 cst,
1707 4550 1741 4612 ut
1766 4542 1913 4613 melioris
1949 4538 2146 4611 desiderium

497 4679 582 4751 haud
610 4678 780 4774 relinquat.

598 4849 814 4923 Nihilominus
842 4850 933 4923 Ordo
959 4850 1103 4923 libellum
1131 4854 1275 4923 auctoris
1310 4850 1465 4923 idoneum
1500 4852 1658 4921 acuminis
1694 4873 1734 4923 ac
1778 4851 1934 4922 solertiae
1977 4850 2146 4945 specimen

496 4991 720 5079 existimavit,
746 4988 888 5082 ideoque
918 4988 1086 5080 decrevit,
1112 4992 1260 5086 praemio
1287 5012 1364 5062 esse
1392 4989 1584 5061 ornandum.
