4775 6150
2344 1822 3112 2039 Appendlx.*)

2517 2255 2928 2265 ——-—

1281 2586 1505 2682 incipit
1572 2584 2018 2658 inventarium
2090 2584 2407 2657 librorum
2481 2583 2944 2657 derelictorum
3013 2588 3426 2659 universitati
3494 2608 3618 2682 per
3686 2585 4020 2660 dominum
4078 2586 4398 2661 Colinum

1483 2722 1808 2819 quondam
1867 2721 2220 2794 Cantorem
2275 2725 2483 2793 sancti
2536 2721 2719 2793 Pauli
2773 2722 3353 2796 Wormaciensem

1073 2870 1281 2958 primo
1341 2866 1670 2935 [leci-etum
1725 2865 1868 2934 sine
1918 2863 2146 2956 glossa
2201 2869 2268 2932 et
2318 2864 2537 2956 incipit
2589 2865 2654 2933 in
2709 2864 2920 2957 prima
2974 2871 3160 2956 parte
3215 2866 3432 2955 agitur
3485 2860 3568 2933 de
3635 2866 3898 2955 justicia
3969 2868 4123 2935 item
4178 2887 4391 2938 com-

1479 3000 1789 3096 pendium
1861 2999 2109 3071 decreti
2180 2999 2356 3093 quod
2437 3002 2657 3095 incipit
2743 2999 3096 3073 humanum
3160 3023 3373 3096 genus
3436 3039 3519 3050 -—
3580 3002 3737 3072 item
3807 3001 4144 3076 decretum
4227 3026 4389 3076 cum

1478 3140 1708 3234 glossa
1762 3147 1828 3210 et
1880 3140 2100 3234 incipit
2151 3140 2249 3210 sic
2308 3178 2397 3187 —
2458 3136 2812 3210 concordia
2866 3162 3192 3213 canonum
3248 3138 3755 3213 discordantium

1069 3287 1221 3347 item
1281 3279 1510 3348 librum
1564 3276 2008 3349 Decretalium
2065 3299 2212 3346 cum
2266 3275 2495 3369 glossa
2550 3274 2907 3348 bernhardi

1069 3419 1217 3483 iloni
1281 3415 1696 3487 innocentius
1748 3436 1950 3509 super
2002 3413 2370 3485 decretales

1069 3559 1213 3627 itam
1273 3576 1523 3625 amitina
1575 3552 1925 3624 hostiensis
1981 3554 2253 3646 copiosa
2308 3573 2509 3645 super
2561 3552 2848 3645 quinque
2901 3549 3105 3623 libros
3161 3550 3584 3624 decretalium

1069 3699 1217 3763 item
1277 3695 1522 3762 iri-tura
1575 3688 1923 3760 hostiensis
1977 3708 2175 3782 super
2227 3691 2422 3759 tertio
2477 3695 2713 3781 quarto
2770 3698 2835 3758 et
2889 3692 3114 3782 quinto
3171 3687 3592 3761 decretalium
3646 3692 3711 3760 in
3764 3710 4170 3783 pergameno

1065 3835 1213 3899 itam,
1277 3828 1599 3899 :nivellam
1656 3849 1856 3922 super
1908 3824 2202 3898 secundo
2256 3825 2423 3898 libro
2476 3830 2541 3897 in
2594 3828 2825 3921 papiro

1065 3975 1209 4039 item
1273 3965 1598 4039 :sorellam
1651 3986 1856 4061 super
1911 3967 2103 4035 tertio
2158 3967 2222 4034 in
2277 3966 2506 4059 papiro

1061 4111 1209 4175 item
1269 4127 1515 4175 siainma
1569 4101 1875 4195 ganfredi
1929 4106 1993 4173 in
2049 4122 2456 4198 pergameno

1061 4251 1205 4313 item
1269 4262 1459 4311 trusus
1513 4239 1956 4311 Decretalium
2008 4242 2074 4310 in
2128 4260 2540 4334 pergameno

1057 4391 1205 4451 item
1265 4390 1783 4475 mis-avagantes
1838 4380 2111 4451 Joannis
2164 4376 2375 4448 XXII.
2431 4379 2496 4448 in
2548 4395 2957 4471 pergameno
3012 4395 3159 4444 cum
3213 4372 3356 4446 aliis

1057 4527 1205 4591 itam
1265 4521 1756 4591 totnsistitutiones
1812 4516 2175 4604 Bonifacii‚
2231 4537 2402 4610 quae
2455 4513 2725 4586 redacte
2774 4521 2927 4584 sunt
2979 4514 3043 4582 in
3097 4532 3225 4584 sex
3276 4513 3343 4582 in
3393 4530 3805 4605 pergameno

1053 4667 1205 4731 item
1265 4683 1385 4727 nnn
1441 4658 1691 4729 lectura
1745 4657 1808 4728 in
1862 4658 2091 4751 papiro
2146 4675 2316 4748 quae
2369 4654 2595 4747 incipit
2648 4649 3015 4743 Gregorius

1052 4803 1197 4867 item
1265 4819 1451 4867 unum
1507 4795 1855 4868 collectum
1909 4797 1972 4865 in
2027 4794 2256 4888 papiro
2313 4793 2489 4862 circa
2546 4786 2916 4861 decretales

1261 5123 1321 5195 ’ᾞ
1357 5121 1471 5179 *sid
1515 5139 1697 5195 supra
1741 5138 1881 5196 pag.
1913 5122 1967 5176 8.
