4775 6150
1344 780 1390 854 18

638 1017 751 1117 Gopiis
779 1018 1149 1112 orchaeologicis
1175 1030 1309 1116 praeter
1334 1020 1399 1093 alia
1413 1032 1627 1093 accesserunt
1652 1025 1740 1095 numi
1755 1019 1875 1094 Graeci
1903 1045 1923 1096 e
1955 1022 2201 1098 Thierschiano

533 1155 728 1230 collectione
756 1159 897 1246 coemti,
924 1165 957 1228 ct
991 1177 1118 1228 summa
1149 1155 1311 1253 Principis
1354 1162 1460 1230 nostri
1481 1158 1726 1232 clementissimi
1766 1157 1961 1232 liberalitate
2004 1165 2202 1236 transmissi

636 1295 797 1368 Thesauri
823 1295 1145 1389 nrineralogici
1180 1299 1265 1369 ancti
1300 1306 1376 1368 suut
1402 1296 1498 1368 donis
1524 1299 1768 1392 pretiosissimis
1795 1306 1829 1368 et
1854 1296 1996 1394 lapidum
2024 1303 2200 1372 variorum

532 1442 567 1506 et
593 1455 783 1529 mapparum
810 1436 1111 1527 geognosticarum.

637 1569 689 1640 Ac
716 1568 856 1665 deniqne
879 1592 922 1643 ne
948 1569 1040 1642 locus
1067 1569 1201 1642 deesset
1227 1581 1320 1665 aptus
1355 1570 1551 1666 recipiendis
1579 1573 1681 1644 variis
1708 1592 1819 1643 rerum
1837 1571 2035 1644 naturalium
2062 1571 2196 1643 collec-

534 1705 695 1797 tionibus,
721 1707 880 1802 Principis
906 1713 1010 1780 nostri
1019 1712 1128 1801 jussu,
1141 1707 1421 1780 consentientibus
1443 1708 1600 1798 stotihus,
1627 1713 1681 1802 qui
1701 1707 1864 1798 dicuntur,
1891 1713 2019 1781 exstrui
2036 1720 2197 1806 coeptum

532 1854 584 1917 est
611 1841 791 1916 aedilicium
818 1845 960 1940 amplum
988 1855 1020 1917 et
1037 1849 1272 1941 conspicuum,
1298 1849 1331 1917 in
1349 1867 1414 1938 qno
1428 1857 1667 1942 reponerentur
1680 1846 1892 1920 collectiones
1918 1847 2193 1943 physiologicas,

532 1982 741 2079 physicales,
770 1983 1045 2077 mineralogicae,
1071 1982 1319 2056 mathematicae
1347 1991 1380 2054 et
1405 1983 1735 2080 medico-chemicae.

643 2309 715 2382 Nec
750 2308 889 2402 denique
926 2308 957 2380 id
992 2308 1334 2405 praetermittendum,
1378 2309 1421 2382 ad
1453 2309 1710 2384 Universitatem
1746 2309 2045 2382 Vratislavieusem
2082 2313 2191 2382 semi-

535 2448 718 2522 saecularia
746 2457 898 2539 agentem
935 2469 1032 2518 unum
1069 2468 1089 2517 e
1125 2447 1263 2540 collegis
1298 2451 1432 2520 missum
1468 2470 1563 2539 csse,
1598 2452 1653 2542 qui
1679 2451 1759 2543 ipsis
1793 2445 1887 2520 lestis
1921 2444 2073 2537 adesset,
2108 2450 2189 2518 ani-

534 2608 688 2680 mumque
714 2595 861 2658 uostnrm
888 2583 1087 2657 benevolum
1114 2587 1148 2656 in
1173 2584 1389 2657 Academiam
1414 2608 1567 2659 sororem
1581 2594 1773 2658 testaretur:
1799 2581 2067 2658 Normaunorum
2094 2583 2186 2655 Uni-

535 2726 706 2814 versitati,
742 2745 827 2816 quaa
853 2721 949 2794 lloret
976 2722 1203 2814 christianiae,
1228 2723 1292 2796 hoc
1305 2725 1525 2819 ipsosaeculo
1548 2723 1700 2796 conditae
1714 2731 1747 2794 ct
1760 2722 1876 2795 decem
1889 2724 1990 2796 lustra
2008 2730 2188 2818 superatae

536 2861 679 2932 eundem
707 2863 849 2932 animum
876 2858 1041 2932 testificati
1067 2882 1180 2933 sumus
1214 2861 1316 2932 literis
1342 2863 1471 2951 missis,
1508 2884 1583 2933 cum
1618 2871 1755 2957 propter
1790 2862 1915 2933 itineris
1950 2859 2188 2954 longitudinem

533 2997 678 3094 legatum
705 2999 768 3070 illic
795 3001 924 3070 mittere
950 2997 1036 3071 haud
1062 2998 1187 3072 liceret.
1210 3036 1255 3051 -—
1274 2997 1440 3070 Numerus
1466 2998 1688 3072 studiosorum
1715 3020 1734 3069 e
1761 3001 1863 3072 variis
1899 2997 1988 3070 orhis
2023 3006 2188 3070 terrarum
2356 3062 2357 3100 ,

534 3136 682 3234 partibus
709 3137 772 3209 hnc
798 3136 1030 3211 coufluentium
1056 3137 1120 3211 hoc
1146 3160 1276 3233 quoqne
1311 3142 1464 3211 semestri
1491 3142 1616 3230 crevit,
1651 3141 1704 3233 qui
1732 3159 1848 3212 omnes
1883 3137 2065 3211 studiorum
2100 3137 2188 3209 dili·
2356 3103 2357 3190 l

531 3280 643 3371 gentia
670 3284 703 3347 et
727 3276 839 3368 legum
866 3273 1078 3349 observantia
1104 3277 1343 3351 excelluerunt

634 3603 692 3677 His
719 3606 880 3699 expositis
908 3624 961 3675 me
988 3614 1181 3675 convertam
1209 3603 1250 3674 ad
1276 3603 1395 3695 judicia
1422 3601 1637 3674 renuntianda
1665 3602 1706 3674 de
1733 3605 1793 3695 iis,
1820 3606 1873 3696 qui
1901 3588 1943 3674 dd
1970 3605 2183 3696 quaestiones

531 3763 620 3813 anuo
648 3741 875 3837 praeterlapso
902 3744 1091 3839 propositas
1119 3741 1299 3814 solvendas
1335 3750 1558 3813 accesserunt.
1621 3738 1718 3826 Quod
1762 3748 1938 3835 antequam
1974 3740 2114 3829 daciam,
2147 3738 2183 3810 id

531 3882 743 3977 praemittere
769 3901 895 3973 cogor,
922 3878 1009 3975 qnod
1037 3890 1070 3951 ut
1098 3885 1233 3952 omuino
1260 3885 1367 3953 rarius
1394 3878 1547 3951 accidere
1581 3878 1686 3967 solet,
1721 3881 1765 3949 ita
1792 3881 1825 3949 in
1861 3888 1974 3951 nostra
2000 3875 2184 3949 Academia

530 4022 671 4113 primum
699 4016 859 4111 nobisque
887 4018 1037 4093 omnihus
1063 4021 1284 4111 gratissimum
1310 4028 1343 4089 et
1369 4019 1651 4113 exoptatissimum
1678 4014 1803 4088 accidit.
1856 4014 1986 4087 Etenim
2018 4014 2082 4087 hoc
2108 4019 2183 4111 ipso

530 4152 584 4227 die
613 4158 846 4248 quinquaginta
872 4154 990 4228 ahhinc
1017 4159 1110 4227 annis
1139 4154 1202 4227 duo
1239 4155 1390 4249 collegae
1424 4158 1549 4244 nostri,
1585 4176 1668 4248 qnos
1695 4154 1800 4227 adhuc
1834 4154 1919 4225 inter
1953 4175 2015 4225 uos
2049 4154 2184 4225 versari

530 4291 711 4381 laetamur,
750 4296 782 4363 in
809 4292 873 4364 hoc
900 4304 1067 4367 certarnen
1094 4316 1215 4367 recens
1242 4318 1260 4365 a
1288 4291 1409 4365 Carolo
1436 4290 1608 4365 Fridericc
1635 4292 1799 4364 conditum
1836 4288 2077 4362 descenderunt
2102 4288 2182 4383 pal-

531 4451 683 4525 mamque
709 4439 941 4525 reportarunt:

631 4570 665 4640 in
702 4568 818 4640 ordine
845 4568 986 4641 lotorum
1021 4569 1195 4665 professor
1221 4568 1323 4641 Erh:
1358 4572 1392 4641 iu
1427 4566 1543 4640 ordine
1569 4567 1774 4640 Medicorum
1809 4566 2015 4639 consiliarius
2049 4566 2182 4636 intimus

527 4702 706 4779 Professor
732 4702 924 4781 Chelius.

633 4842 758 4930 Quibus
795 4848 875 4919 viris
909 4845 1155 4919 semisecularia
1189 4844 1287 4918 hodie
1321 4844 1560 4918 celehrantihns
1595 4843 1659 4917 hoc
1700 4842 1776 4915 loco
1811 4840 1951 4913 solemni
1979 4836 2181 4910 Academiae

531 4982 664 5053 nomine
705 4984 972 5075 congratulamur
1015 4982 1160 5056 honores
1194 4982 1257 5054 hos
1284 4992 1350 5055 tam
1385 4992 1512 5055 matura
1548 4990 1656 5054 aetate
1691 4989 1847 5076 acceptos
1881 5001 1922 5050 ac
1955 4999 2015 5074 per
2048 4996 2182 5047 omnem
