4775 6150
1308 763 1355 834 14

504 1009 668 1104 spectari,
695 1030 791 1102 quam
819 1004 859 1078 ad
887 1006 1054 1078 literamm
1068 1004 1194 1094 studia,
1221 1011 1403 1094 nemoest,
1430 1008 1625 1097 quiaegare
1640 1009 1752 1099 possit.
1808 1005 1922 1100 ltaque
1949 1027 1995 1077 ex
2020 1006 2155 1080 studio-

506 1169 620 1220 sorum
646 1143 825 1234 sodalitiis,
852 1143 957 1238 qualia
984 1165 1071 1216 nnnc
1097 1144 1325 1237 reperiuntur,
1359 1141 1437 1214 nihil
1473 1142 1562 1235 quod
1588 1142 1630 1214 ad
1656 1143 1824 1216 literarum
1859 1143 1965 1215 studia
1998 1145 2159 1240 imprimis

507 1284 548 1356 ad
571 1279 846 1374 jusCanouioum
871 1285 1032 1376 pertinet,
1059 1280 1170 1372 colligi
1196 1299 1318 1374 posse,
1344 1279 1406 1352 sed
1431 1279 1464 1351 id
1491 1285 1642 1376 potius
1668 1283 1802 1376 quaeri,
1829 1291 1864 1354 ut
1885 1281 2040 1354 nobilium
2054 1291 2158 1354 status

507 1432 540 1494 et
566 1421 722 1493 honestas
748 1423 838 1492 vitae
865 1422 951 1490 inter
977 1417 1142 1491 studiosos
1169 1417 1411 1512 quodammodo
1439 1428 1677 1507 conservetur,
1704 1421 1868 1490 neminem
1895 1417 1986 1513 iugit

609 1746 683 1818 lam
711 1745 753 1818 do
780 1743 989 1836 dignitatibus
1004 1753 1036 1816 et
1049 1739 1231 1816 honoribus
1245 1744 1444 1816 academicis
1458 1747 1562 1840 iisque
1576 1742 1786 1816 conferendis
1802 1746 1956 1818 nonnulla
1970 1745 2162 1816 afferamus.

611 1884 776 1976 Theologi
804 1881 844 1952 ab
874 1885 964 1954 initio
991 1880 1123 1953 suerunt
1150 1885 1297 1974 magistri
1323 1886 1356 1953 in
1383 1879 1526 1967 artibus,
1552 1891 1668 1976 postea
1695 1892 1892 1976 receperunt
1918 1881 2044 1954 titulum
2070 1880 2159 1952 doc-

510 2027 594 2096 toris
621 2019 852 2108 decretorum:
879 2019 1013 2110 majoris
1040 2039 1124 2089 vero
1152 2022 1307 2091 momenti
1334 2018 1365 2089 id
1393 2025 1456 2109 est,
1482 2018 1953 2112 quodRectorUniversitatis
1980 2041 2000 2089 e
2026 2017 2159 2111 Magis-

509 2164 568 2232 tris
601 2156 801 2252 eligebatur:
828 2155 968 2249 ideoque
996 2155 1112 2227 doctor
1138 2154 1347 2227 decretorum
1373 2155 1572 2229 nullomodo
1599 2180 1645 2229 ax
1670 2157 1732 2228 hae
1758 2157 1932 2249 dignitate,
1960 2156 2018 2228 sed
2038 2165 2162 2229 mutum

509 2303 537 2372 si
565 2301 722 2392 magister
754 2297 786 2366 in
814 2293 937 2366 artibus
965 2295 1059 2366 simul
1085 2297 1210 2381 extitit,
1237 2291 1476 2366 admittebatnr.
1529 2292 1721 2365 Neomiuus
1744 2292 1890 2365 medicus
1909 2305 1980 2365 erat
2006 2297 2165 2386 magister

511 2440 544 2508 in
573 2433 721 2522 artibus,
750 2436 925 2527 variasque
961 2433 1054 2504 vices
1080 2441 1114 2503 et
1139 2431 1205 2503 fata
1231 2453 1298 2504 non
1333 2428 1398 2503 iam
1434 2453 1454 2502 e
1489 2431 1572 2503 libro
1600 2430 1827 2503 Achermanni
1860 2431 1961 2503 ualde
1996 2430 2163 2504 celebrato

511 2573 552 2644 de
580 2571 693 2644 schola
720 2569 947 2659 Salernitana,
983 2593 1079 2662 quam
1115 2590 1160 2640 ex
1196 2574 1335 2662 egregio
1372 2590 1474 2665 opere
1506 2569 1619 2640 Bulaei
1654 2567 1696 2640 de
1730 2567 1954 2641 Universitate
1989 2567 2169 2642 Parisiensi

511 2729 720 2802 cognoscere
749 2709 835 2781 licet.
887 2703 1019 2799 Legista
1047 2727 1114 2778 non
1141 2728 1220 2778 raro
1247 2705 1436 2800 dignitatem
1463 2729 1555 2779 suam
1594 2706 1763 2780 referebat
1789 2705 1832 2778 ad
1857 2706 2105 2779 Bononiensem
2130 2717 2165 2780 et

514 2845 791 2920 Aurelianensom
810 2843 1075 2916 Universitatem.
1128 2843 1228 2940 Apud
1253 2843 1519 2919 Ultramontauos
1546 2856 1578 2917 ct
1605 2841 1870 2918 citramontanos
1897 2849 2065 2940 utriusque
2080 2847 2166 2937 juris

515 2981 673 3056 doctores
688 2986 716 3054 si
729 2991 824 3054 eraut
848 2983 943 3073 laici,
971 2979 1254 3077 distinguebantur
1280 3008 1300 3056 a
1327 2985 1512 3078 magistris,
1540 2983 1581 3055 ad
1595 3005 1678 3079 quos
1692 2985 1802 3055 clerici
1830 2991 1983 3076 tanquam
2012 2981 2166 3055 doctores

514 3120 723 3194 decretorum
750 3124 943 3217 saepissime
970 3118 1186 3218 pertinebant.

619 3259 714 3348 Quod
739 3281 825 3331 vero
851 3257 972 3332 Serti
998 3269 1132 3353 praeter
1158 3268 1284 3353 septem
1312 3269 1400 3333 artes
1425 3259 1664 3355 philosophiam
1681 3280 1811 3355 quoque
1826 3269 1980 3331 recenset
2001 3258 2167 3354 prioribus

514 3397 657 3471 saeeuhs
684 3407 837 3491 tanquam
872 3399 1040 3491 proprium
1076 3394 1248 3468 doctrinae
1273 3416 1402 3491 genoe,
1435 3396 1554 3471 laisum
1588 3398 1737 3487 videtur,
1773 3420 1846 3469 cum
1882 3396 2089 3493 philosophia
2124 3398 2165 3471 ad

515 3545 604 3607 artes
630 3539 825 3630 pertineret:
853 3534 886 3607 id
912 3554 1076 3629 expresse
1101 3532 1222 3606 indicat
1247 3534 1389 3609 Bulaeus
1415 3556 1607 3631 exponens,
1634 3535 1793 3609 lectiones
1815 3537 2004 3608 literaturae
2018 3534 2168 3609 Graecae

515 3672 558 3745 ad
586 3677 832 3768 grammaticam
859 3682 1030 3767 spectare,
1057 3693 1166 3766 neque
1193 3670 1235 3744 de
1262 3672 1486 3768 metaphysica
1514 3684 1546 3745 et
1572 3673 1779 3769 philosophia
1807 3675 1946 3747 naturali
1973 3684 2128 3747 tractare.

618 3808 826 3905 Philosophia
861 3811 932 3905 ipsa
968 3818 1039 3881 erat
1074 3833 1152 3905 pars
1187 3807 1368 3884 dialectica.
1421 3810 1563 3883 bulaeus
1598 3810 1651 3881 lib.
1679 3811 1732 3886 111.
1759 3810 1810 3884 82
1845 3812 1991 3908 profert:
2030 3812 2165 3906 „legant

516 3944 622 4019 libros
648 3946 840 4020 Aristotelis
876 3946 917 4020 de
942 3946 1131 4038 dialectica,
1167 3946 1250 4019 duos
1277 3948 1482 4039 Priscianos,
1509 3951 1620 4042 legant
1653 3948 1871 4044 philosophos
1909 3962 1943 4022 et
1971 3950 2162 4041 Rhetorica,

515 4084 729 4180 quadrivilia,
754 4083 991 4157 barbarismum
1019 4094 1052 4157 et
1077 4085 1237 4175 ethicam,
1264 4094 1414 4181 quartum
1440 4088 1643 4180 topicorum:
1679 4107 1762 4158 non
1798 4086 1951 4180 legantur
1976 4085 2049 4160 libri
2076 4088 2164 4160 Ari-

515 4222 643 4296 stotelis
670 4223 712 4296 de
738 4222 963 4319 metaphysica
990 4233 1023 4294 et
1048 4224 1187 4295 naturah
1212 4223 1439 4319 philosophia,
1465 4244 1529 4295 nec
1546 4245 1672 4295 summa
1700 4222 1743 4295 de
1770 4223 1893 4295 eisdem
1920 4222 1965 4298 ll.
1992 4224 2103 4298 David
2121 4224 2165 4297 de

520 4359 631 4433 dinaut
658 4371 712 4433 aut
737 4361 897 4433 Almerioi
923 4358 1079 4433 haeretici
1105 4371 1160 4433 aut
1185 4360 1329 4435 hlauritit
1355 4354 1598 4456 Hispanici“.']

620 4496 658 4569 ln
674 4494 950 4571 Universitatibas
977 4496 1224 4573 ultramontanis
1237 4501 1329 4571 initio
1356 4497 1497 4591 legistae
1533 4498 1685 4570 doctores
1721 4497 1798 4570 laici
1834 4496 1877 4569 ad
1900 4496 2161 4571 Universitatem

535 4736 605 4744 ...ο-
614 4736 638 4744 -ο

618 4853 652 4935 ⁸)
674 4859 844 4918 Bulaeus
873 4861 927 4919 111.
959 4862 1009 4921 82.
1039 4860 1084 4917 'I'u
1107 4858 1166 4916 vid.
1195 4857 1375 4935 Gatatogum
1403 4856 1548 4915 libroruin
1578 4858 1609 4913 iu
1638 4854 1728 4913 Univ.
1758 4856 1905 4932 Pragansi
1935 4856 2025 4932 apud.
2045 4856 2168 4932 Voigt

513 4996 585 5054 pag.
609 4981 660 5039 98.
