4775 6150
1042 828 1065 899 5

222 1065 320 1157 Quod
346 1066 540 1140 adsumtos
566 1068 778 1156 necessarios
804 1071 937 1160 attinet,
964 1065 1076 1142 debuit
1099 1071 1169 1162 jam
1195 1067 1253 1141 illo
1280 1077 1432 1164 tempore
1458 1064 1599 1143 Carolus
1632 1069 1687 1145 lV.
1723 1070 1870 1145 subsidia

221 1211 400 1302 impetrare
426 1229 446 1277 a
472 1203 654 1278 Bobemiae
679 1203 837 1296 statibus,
864 1208 919 1300 qni
945 1203 1115 1297 dicuntur,
1141 1228 1161 1277 a
1188 1204 1304 1300 quibus
1331 1229 1405 1279 enm
1426 1218 1552 1280 sumtus
1577 1213 1760 1281 necessarii
1786 1231 1875 1282 con·-

221 1348 308 1417 cessi
344 1354 478 1436 essent,
514 1345 547 1417 id
580 1343 710 1442 publice
736 1343 909 1442 professus
936 1354 987 1416 est
1020 1346 1182 1416 inaurea
1209 1342 1297 1417 bulla
1332 1347 1462 1441 septimi
1487 1344 1614 1441 Aprilis
1640 1344 1684 1421 A.
1712 1347 1875 1420 millesimi

220 1485 445 1556 trecentesimi
482 1481 726 1578 quadragesimi
740 1483 872 1574 comm,
899 1504 962 1577 qua
989 1501 1045 1554 res
1058 1483 1265 1556 universitati
1291 1486 1500 1557 necessarias
1526 1487 1561 1557 in
1586 1487 1690 1581 ipsam
1703 1508 1742 1558 se
1764 1486 1875 1559 eoba·

220 1630 328 1694 turnm
355 1641 432 1694 esse
460 1619 651 1694 declaravit.

322 1758 407 1831 Tum
433 1762 533 1831 etiam
559 1780 599 1830 ea
625 1760 767 1830 imitatus
794 1765 864 1847 est,
891 1777 976 1852 quae
1004 1754 1046 1827 de
1072 1754 1228 1830 studiosis
1241 1757 1506 1832 Bononiensibus
1532 1757 1722 1832 Fridericns
1748 1763 1874 1856 primus

218 1899 422 1987 instituerat,
448 1905 483 1967 ut
508 1894 646 1968 studiosi
673 1918 746 1968 cum
773 1897 862 1967 omni
888 1896 1064 1966 securitate
1089 1891 1255 1990 proficisci
1280 1906 1425 1990 possent
1477 1897 1538 1969 llis
1563 1897 1873 1994 peractisUniver-

217 2035 346 2107 sitatem
372 2031 578 2126 Pragensem
603 2031 691 2105 bulla
717 2029 834 2104 decimi
861 2034 967 2127 quarti
992 2031 1139 2104 ianuarii
1166 2034 1244 2104 anni
1269 2033 1432 2107 millesimi
1467 2037 1689 2109 trecentesimi
1724 2035 1874 2133 qnadra-

221 2173 340 2265 gesimi
365 2173 444 2242 noni
471 2169 637 2243 Caesar
662 2167 931 2243 Germaniae
958 2168 1175 2244 confirmavit.

320 2305 472 2403 Denique
499 2305 539 2378 ad
565 2305 651 2379 banc
676 2306 933 2380 Universitatsm
956 2306 1080 2381 idcireo
1108 2307 1203 2381 nobis
1216 2309 1335 2381 iterum
1357 2308 1596 2384 recurrendum
1622 2320 1692 2402 est,
1719 2315 1874 2406 quonim

218 2445 271 2518 bic
296 2449 441 2520 instituta
468 2445 577 2518 medio
605 2466 692 2520 aevo
720 2448 837 2518 usitata
864 2448 896 2519 in
932 2445 1072 2519 docendi
1098 2455 1130 2518 et
1157 2445 1298 2541 regendi
1323 2457 1356 2520 et
1381 2446 1520 2521 vivendi
1545 2447 1645 2520 modo
1672 2449 1758 2545 apud
1785 2448 1874 2524 doc-

218 2593 310 2656 tores
337 2591 370 2656 et
395 2583 567 2658 scholares
593 2561 715 2656 inter
740 2587 948 2658 nationes
975 2583 1151 2658 divisos
1178 2586 1322 2656 maxime
1348 2582 1547 2658 obtinebant.

320 2721 358 2793 ln
384 2721 540 2795 methodo
569 2721 709 2795 docendi
734 2721 795 2796 fait
822 2721 961 2796 studium
986 2725 1021 2795 in
1036 2721 1159 2795 artibus
1186 2721 1276 2816 quod
1303 2725 1337 2794 in
1350 2720 1455 2796 Gabia
1480 2721 1559 2796 inde
1585 2747 1606 2796 a
1629 2719 1740 2798 Caroli
1756 2724 1872 2820 Magni

217 2858 422 2955 temporibus
447 2859 624 2933 admodum
652 2858 840 2935 colebatur:
866 2859 922 2934 ubi
943 2862 1076 2935 trivium
1101 2870 1135 2933 et
1161 2859 1367 2954 quadrivium
1381 2867 1453 2934 erat
1475 2863 1705 2955 conjunctum,
1731 2862 1874 2937 studium

217 2997 377 3094 generale
404 2997 592 3071 dicebatur:
631 2997 786 3073 doctores
821 2997 1029 3073 decretorum
1056 3009 1089 3071 et
1122 2997 1312 3095 theologiae
1346 2996 1469 3072 fiebant
1503 3003 1653 3095 magistri
1689 3003 1806 3073 artium
1832 3022 1874 3073 ac

220 3136 382 3210 medicina
411 3160 543 3233 quoque
570 3137 635 3211 hoc
660 3138 768 3212 studio
796 3136 1042 3229 continebatur,
1068 3146 1102 3211 et
1128 3134 1217 3232 quod
1242 3109 1284 3207 ad
1312 3159 1383 3210 rem
1399 3136 1571 3233 physicam
1594 3147 1627 3210 et
1653 3137 1874 3233 chirurgicam

221 3278 348 3366 attinet,
374 3278 419 3347 uti
435 3285 504 3348 tum
531 3298 587 3349 res
601 3275 806 3350 medicinalis
820 3274 1065 3374 appellabatur,
1092 3274 1227 3348 multum
1249 3276 1320 3366 jam
1345 3298 1386 3347 ea
1412 3274 1681 3351 inUniversitate
1696 3276 1874 3351 Parisiensi

220 3410 441 3503 tractabatur,
468 3424 502 3486 ut
528 3412 671 3487 Bulaeus
697 3426 731 3487 et
756 3414 935 3510 Pasqnier,
962 3410 1170 3485 celeberrimi
1196 3412 1294 3505 hujus
1319 3411 1553 3487 Universitatis
1579 3417 1771 3511 scriptores,
1797 3424 1874 3488 tes-

220 3558 339 3623 tantur.
392 3550 542 3625 Medicas
569 3550 610 3623 ad
636 3555 766 3625 artistas
792 3554 1009 3649 pertinuisse,
1043 3554 1143 3623 etiam
1168 3547 1256 3623 Sarti
1283 3550 1325 3624 de
1362 3550 1513 3625 Bononia
1547 3552 1729 3648 eloquitur,
1765 3556 1874 3628 serius

222 3685 352 3760 demum
381 3687 526 3762 doctoris
552 3690 697 3763 bonores
724 3690 797 3763 illos
823 3692 993 3787 accepisse
1020 3687 1218 3762 concedens.
1228 3686 1268 3778 ¹⁵)
1306 3687 1359 3762 De
1385 3688 1513 3786 legistis
1538 3712 1649 3787 neque
1675 3694 1708 3764 in
1721 3691 1875 3767 Univer-

220 3828 317 3898 sitate
342 3825 504 3921 Pragensi
530 3849 639 3923 neque
665 3829 698 3899 in
725 3827 904 3901 Parisiensi
930 3827 985 3899 illo
1012 3836 1164 3923 tempore
1191 3824 1295 3900 verba
1322 3826 1409 3900 lacta
1436 3836 1520 3901 sunt.

323 3962 362 4037 ln
383 3966 460 4056 jure
486 3964 626 4060 regendi
645 3965 1050 4060 PragensisUniversitas
1076 3964 1192 4037 eadem
1220 3966 1364 4037 instituta
1390 3964 1590 4062 accipiebat,
1617 3987 1702 4060 quae
1728 3966 1875 4059 Parisiis,

223 4100 276 4174 ubi
303 4099 442 4175 Carolus
469 4101 528 4177 lv.
554 4105 626 4201 ipse
640 4104 755 4179 studiis
773 4126 909 4200 operam
931 4100 1140 4195 dederat,“)
1167 4099 1394 4175 obtinuerunt:
1421 4105 1530 4199 itaque
1542 4105 1691 4198 magistri
1718 4113 1751 4176 et
1767 4102 1874 4177 scho-

221 4239 309 4313 lares
337 4243 369 4312 in
397 4264 495 4314 unam
521 4241 781 4317 Universitatem
808 4252 904 4337 atque
938 4238 1174 4332 jurisdictionis
1213 4249 1377 4337 potestate
1403 4242 1437 4313 in
1470 4263 1570 4313 unam
1604 4263 1675 4313 rem
1710 4240 1873 4338 publicam

223 4380 367 4450 omnium
395 4381 515 4451 civium
544 4382 733 4476 civitatique
754 4399 961 4452 annexorum
988 4378 1154 4469 conjuncti
1179 4374 1372 4473 eranam)
1424 4376 1550 4451 Rector
1574 4388 1609 4452 nt
1634 4382 1669 4451 in
1693 4377 1873 4452 Parisiensi

326 4559 360 4642 ⁸)
382 4569 429 4625 De
452 4566 542 4625 elaris
564 4566 762 4646 Archigymn.
785 4569 900 4627 Bonan.
921 4566 1143 4643 professoribus
1164 4568 1188 4626 I.
1211 4586 1281 4646 pag.
1306 4569 1378 4627 434.

325 4677 379 4764 ”)
402 4688 504 4747 Vitam
519 4686 619 4749 Caroli
633 4690 685 4748 IV.
703 4694 733 4748 et
748 4689 870 4766 quidam
881 4689 1046 4748 literariam
1057 4688 1218 4765 descripsit
1233 4690 1412 4749 JoannasIl.
1429 4688 1873 4769 Archiepisoopus-Praganais

221 4806 254 4863 in
275 4812 349 4867 orat
380 4808 480 4867 funeb.
508 4814 579 4886 post
599 4815 727 4871 mortem
749 4809 849 4871 Caroli
869 4811 921 4870 1v.
944 4808 1025 4886 apud
1044 4810 1168 4869 Fheher.
1189 4827 1262 4889 pag.
1288 4813 1358 4869 110.
1402 4810 1524 4890 (Origg.
1546 4810 1666 4889 patae)

324 4922 400 5007 m)
422 4930 473 4989 Ex
493 4932 636 4992 methodo
658 4931 786 4992 docendi
807 4933 866 4993 tuit
885 4931 1067 4991 vocabulum
1096 4932 1246 5011 „studium
1268 4932 1411 5010 generula
1432 4937 1642 4993 carismatum
1665 4938 1696 4992 et
1715 4934 1748 4991 in
1768 4934 1875 4991 nostro

221 5050 343 5111 mecurio
364 5050 397 5109 in
417 5053 499 5112 univ.
511 5053 761 5133 Heidelbergansi
782 5054 854 5114 sed“
874 5088 917 5102 -
941 5072 980 5115 ex
999 5054 1070 5131 jure
1089 5052 1235 5133 regendi“
1258 5057 1448 5115 universitas.
