4775 6150
1090 786 1132 855 17

385 1021 545 1096 Privatim
573 1020 766 1096 docentibus
785 1047 960 1098 accessere
974 1025 1171 1100 licentiatus
1188 1029 1359 1126 Adelphos
1385 1031 1603 1107 Hausratb
1630 1041 1663 1109 in
1691 1037 1806 1112 ordine
1834 1039 1935 1114 theo-

281 1158 451 1251 logorum,
479 1159 537 1230 Dr.
564 1159 686 1232 Paulus
712 1162 886 1235 Labaud
914 1174 946 1236 et
972 1164 1030 1236 Dr.
1057 1165 1093 1236 F.
1122 1165 1179 1238 W.
1216 1169 1405 1242 Sobaaff
1427 1171 1718 1268 Heidelbergeusis
1752 1179 1786 1248 in
1813 1177 1931 1250 ordine

279 1295 608 1388 Jureconsultorum,
651 1299 708 1371 Dr.
753 1299 949 1372 Franciscus
985 1302 1152 1375 Knauil
1184 1310 1216 1376 in
1253 1308 1370 1378 ordine
1398 1310 1619 1401 medicorum,
1648 1312 1704 1386 Dr.
1741 1312 1933 1388 beouardus

279 1431 427 1505 Rabus
454 1439 486 1506 in
514 1435 630 1508 ordine
657 1436 945 1534 pbilosophorum:
973 1465 993 1512 e
1019 1445 1171 1537 privatim
1191 1444 1377 1518 docentium
1403 1470 1542 1520 numero
1567 1461 1684 1544 sponte
1710 1449 1934 1524 discesserunt

280 1569 620 1669 Wipperrnanu,
647 1576 836 1650 Pikiord
862 1590 896 1650 et
921 1579 1059 1654 Holle.

381 1712 417 1784 ln
446 1716 622 1786 seminario
650 1714 835 1808 theologico
863 1718 1041 1790 secundum
1070 1724 1313 1793 concionatoris
1339 1732 1373 1793 ct
1385 1727 1531 1817 magistri
1552 1724 1660 1796 locum
1687 1729 1813 1819 accepit
1827 1723 1932 1797 Oscar

279 1850 622 1948 Schelleuberg,
649 1853 746 1927 verbi
773 1855 875 1927 diuini
900 1859 1055 1928 minister.

382 1992 477 2079 Quod
512 1993 553 2064 ad
588 1993 820 2065 Universitatis
854 1993 1082 2066 bibliothecam
1119 1998 1252 2083 attinet,
1287 2000 1319 2067 iu
1355 1996 1469 2068 Weilii
1506 1999 1614 2070 locum
1651 2005 1811 2072 successit
1845 2002 1928 2073 alter

277 2127 544 2202 bibliothecarius
571 2130 629 2202 Dr.
656 2131 865 2223 Thibaut,
893 2135 986 2225 cujus
1013 2136 1146 2227 negotia
1175 2134 1320 2206 curanda
1345 2134 1462 2206 tradita
1490 2145 1565 2208 sunt
1591 2135 1804 2210 Beudero.

895 2335 1310 2350 ——u————--·-——-

380 2460 557 2532 Praeterea
584 2462 697 2556 plures
733 2461 879 2554 collegas
915 2460 1122 2554 dignitatibus
1158 2469 1191 2532 et
1227 2460 1407 2533 honoribus
1442 2471 1557 2533 auctos
1593 2484 1669 2535 esse
1703 2465 1928 2538 laetamur:a

275 2597 421 2670 consiliis
436 2598 532 2669 aulae
546 2597 720 2693 professor
731 2604 914 2670 nominatus
938 2609 988 2671 est
1006 2597 1192 2672 bodonicus
1220 2599 1463 2688 Haeusser,
1489 2600 1630 2672 concilio
1645 2623 1801 2696 supremo
1814 2623 1926 2673 rerum

274 2733 557 2826 Evangelicarum
584 2735 910 2810 administrandarum
939 2736 1065 2808 additus
1093 2746 1144 2808 est
1170 2737 1313 2808 Richard
1340 2737 1500 2825 Bothe,
1533 2749 1667 2811 ornatus
1704 2761 1835 2833 quoque
1869 2744 1926 2812 iu-

273 2874 421 2968 signibus
458 2874 582 2947 ordinis
616 2874 737 2948 Leonis
763 2877 938 2968 Zaringiae
965 2875 1132 2948 secundae
1160 2877 1295 2966 classis,
1322 2876 1471 2969 ejusdem
1513 2879 1638 2948 ordinis
1665 2883 1780 2949 tertiae
1808 2877 1926 2951 classis

272 3015 457 3112 insignibus
485 3015 723 3090 condecoratus
759 3022 810 3086 est
836 3012 1102 3088 Helmholtu:
1138 3015 1232 3089 stella
1259 3014 1426 3087 secundae
1453 3015 1568 3089 classis
1601 3015 1782 3111 insignibus
1817 3016 1924 3089 addita

276 3156 509 3251 Vangerowio
554 3154 672 3227 tradita
720 3162 791 3243 est;
837 3155 975 3246 insignia
1030 3154 1153 3226 ordinis
1190 3154 1361 3226 domestici
1399 3155 1557 3226 Saxonici
1591 3153 1757 3226 Ernestini
1797 3158 1923 3250 accepit

273 3295 388 3393 del
396 3296 423 3385 l,
443 3295 565 3367 ordinis
588 3297 691 3366 sancti
709 3292 860 3364 Stanislai
876 3291 1005 3363 Russici
1020 3290 1185 3363 secundae
1200 3292 1316 3364 classis
1333 3294 1472 3385 iusignia
1487 3292 1682 3382 Bunsen,
1706 3298 1760 3387 qui
1774 3294 1921 3386 ejusdem

272 3432 388 3506 classis
416 3431 598 3527 insignibus
625 3431 748 3504 ordinis
774 3430 904 3502 Franco
932 3429 1047 3502 Gallici
1084 3429 1324 3502 condecoratus
1352 3440 1422 3520 est,
1462 3433 1554 3523 eujus
1589 3434 1729 3524 iusignia
1756 3435 1922 3527 equestria

272 3572 407 3645 obtinuit
433 3570 684 3643 llircbboil.

369 3903 516 3974 instituta
543 3901 764 3988 Academica,
793 3921 877 3992 quae
904 3896 1072 3985 dicuntur,
1099 3898 1207 3969 multis
1235 3900 1395 3991 cujusquo
1421 3899 1555 3991 generis
1583 3898 1794 3967 incrementis
1820 3906 1916 3967 aucta

264 4052 349 4115 sunt.
401 4039 496 4113 llaud
522 4062 643 4135 paucas
671 4042 882 4111 accessiones
909 4035 1218 4110 bibliothecae
1245 4037 1360 4130 copiae
1380 4043 1579 4129 acceperunt
1604 4056 1649 4103 ex
1675 4037 1792 4105 annuis
1820 4057 1917 4106 com-

263 4188 399 4274 paratae
425 4178 601 4267 reditibus,
628 4198 710 4271 quos
737 4177 801 4248 boc
828 4200 915 4249 anno
944 4174 1070 4246 duobus
1098 4173 1238 4245 millibus
1265 4173 1465 4244 florenorum
1493 4182 1607 4243 auctos
1634 4193 1711 4243 esse
1736 4171 1915 4243 laetamur:

263 4317 383 4389 multos
409 4340 540 4413 quoque
567 4316 669 4389 libros
697 4315 785 4387 dono
811 4316 919 4387 illatos
947 4336 1024 4386 esse
1050 4321 1146 4406 grato
1172 4310 1363 4407 profitemur
1390 4314 1516 4382 auimo:
1545 4310 1664 4380 iactum
1692 4310 1722 4379 id
1750 4318 1802 4380 est
1826 4309 1915 4381 libe-

262 4457 389 4529 ralitate
415 4457 535 4550 insigni
563 4455 765 4547 collegarum
793 4465 981 4526 nostrorum
1008 4452 1248 4544 multorumque
1271 4450 1408 4522 aliorum
1423 4453 1570 4521 virorum
1585 4447 1756 4519 doctorum
1770 4450 1914 4539 itemque

260 4598 455 4667 societatum
492 4593 692 4666 eruditarum
731 4601 828 4688 atque
863 4592 1120 4664 Academiarum
1157 4589 1402 4676 bruxellensis,
1436 4586 1667 4673 blouacensis,
1701 4583 1914 4671 Viennensis,

259 4732 545 4827 Petropolitauae,
588 4736 736 4827 inprimis
776 4732 911 4802 lnstituti
946 4728 1179 4801 Smithsoniani
1223 4732 1255 4800 in
1285 4727 1442 4798 America
1472 4722 1717 4819 septentrionali
1754 4733 1787 4794 et
1824 4720 1912 4793 Uni-

259 4873 425 4943 versitatis
453 4869 626 4942 chitiensts
653 4872 686 4941 iu
713 4871 867 4942 America
895 4866 1118 4941 meridionali:
1147 4866 1264 4961 quibus
1291 4864 1461 4954 omnibus,
1496 4873 1531 4935 ut
1556 4884 1616 4959 par
1642 4871 1714 4951 est,
1749 4865 1910 4934 maximas

256 5007 421 5084 hocloco
449 5009 587 5082 solemni
614 5011 738 5102 gratias
764 5014 967 5102 peragimus.
1678 5104 1702 5177 3
