4775 6150
671 2033 846 2127 Praefecti
870 2035 963 2108 orda
988 2043 1125 2111 aoaaoa
1151 2039 1349 2132 maini,

826 2175 985 2272 Collaque
1011 2181 1285 2270 conjuactionem,

678 2313 749 2392 Vtri
774 2337 898 2388 summe
923 2315 1153 2406 emanata,
1174 2320 1265 2411 jura
1291 2318 1521 2391 couaaltiaeam
1470 2321 1478 2338 ⁶
1512 2321 1539 2410 ',

774 2456 1068 2548 ceperimtimimi,
1095 2454 1292 2546 castam,

825 2593 1009 2666 Auditorea
1034 2597 1174 2665 occatam
1195 2593 1365 2684 ordinae,
1390 2599 1551 2691 quotquot

879 2732 1025 2823 adata,
1052 2733 1308 2804 tonoraaaiaa.

362 3039 444 3116 Dlvi
470 3036 582 3114 Caroli
608 3037 769 3114 Friderici
794 3039 938 3113 natalitia
972 3038 1029 3112 uhi
1055 3037 1281 3131 celebramus,
1307 3037 1403 3133 liujus
1430 3038 1494 3114 diei
1520 3041 1712 3117 solemnitas
1737 3041 1909 3119 honorili-

256 3202 332 3255 cum
357 3178 436 3253 milui
461 3182 600 3276 imponit
625 3176 790 3269 olllcium,
812 3186 851 3283 ut
865 3183 910 3279 ¹in
930 3180 1124 3251 memoriam
1137 3178 1216 3252 Divi
1228 3178 1411 3274 Principis,
1437 3200 1533 3275 mam
1548 3180 1752 3255 Academiae
1764 3181 1910 3258 Nostrae

253 3319 451 3417 aRuperto
478 3318 556 3391 olim
583 3292 734 3390 conditae
747 3290 1002 3390 restauratorem
1016 3320 1070 3413 pie
1092 3316 1250 3409 colimus,
1277 3316 1382 3392 verba
1395 3317 1710 3393 lauturusnonnulla
1726 3321 1909 3418 proteram,

253 3479 339 3555 quaa
366 3480 464 3554 quum
492 3455 534 3529 ad
560 3454 730 3528 historiam
756 3454 1015 3530 Universitatum
1043 3454 1243 3527 Germaniae
1277 3480 1318 3528 ao
1343 3461 1524 3553 praecipuo
1549 3457 1591 3530 ad
1620 3461 1706 3551 juris
1740 3460 1848 3533 civilis
1874 3470 1910 3533 et

255 3598 406 3670 canonici
433 3593 538 3669 studia
565 3596 769 3691 pertineant,
795 3594 918 3667 vestris
944 3592 1057 3667 studiis
1074 3592 1161 3666 haud
1174 3596 1304 3686 ingrata
1316 3603 1352 3666 et
1365 3594 1613 3669 accommodata
1627 3618 1705 3669 esse
1717 3596 1906 3671 videantur.

357 3734 509 3831 Inprimis
545 3754 651 3823 vero,
690 3730 857 3805 auditores
884 3734 1133 3827 spectatissimi,
1158 3736 1191 3804 in
1226 3736 1419 3806 memoriam
1433 3744 1581 3807 rounam
1594 3756 1760 3809 revocare
1786 3758 1905 3832 cogor,

251 3871 365 3945 huno
400 3892 520 3943 annum
547 3868 752 3942 Academiae
785 3877 922 3943 nostrae
955 3872 1177 3965 gratissimum
1212 3870 1446 3944 celebrandum
1480 3892 1567 3944 esse.
1620 3872 1750 3945 Etenim
1785 3895 1905 3949 omncs

252 4010 327 4083 lere
353 3975 522 4083 literarum
547 4007 790 4084 Universitates
818 4008 934 4081 decem
960 4007 1063 4083 lustra
1090 4006 1239 4083 absoluta
1266 4010 1294 4081 si
1313 4007 1452 4101 habent,
1478 4012 1620 4084 invitare
1648 4034 1748 4105 quum
1773 4012 1905 4085 soleant

250 4148 396 4243 reliquas
422 4147 686 4239 Universitates,
720 4156 873 4241 tanquam
908 4169 1064 4239 sorores,
1100 4158 1134 4220 ut
1160 4150 1269 4220 animo
1306 4150 1461 4243 votisque
1496 4147 1603 4223 adsint
1640 4148 1683 4222 ad
1717 4150 1801 4223 haec
1834 4152 1906 4246 ipsa

253 4286 370 4360 decem
396 4285 498 4361 lustra
524 4285 666 4359 feliciter
691 4296 825 4383 peracta
852 4284 1134 4373 concelebranda,
1160 4296 1273 4359 nostra
1300 4308 1387 4360 vero
1412 4285 1623 4361 Universitas
1647 4286 1736 4359 hand
1762 4290 1834 4361 scio
1860 4310 1905 4361 an

251 4428 396 4500 omnium
423 4427 648 4522 antiquissima
668 4427 738 4517 jam
764 4424 878 4497 decem
905 4434 939 4497 et
966 4426 1154 4518 quinque
1179 4424 1292 4497 lustris
1313 4426 1439 4499 saeculi
1452 4426 1549 4518 hujus
1574 4428 1719 4521 nemetis
1744 4424 1899 4518 gaudeat,

251 4562 424 4658 equidem,
450 4567 505 4660 qui
529 4566 652 4637 vestris
678 4560 833 4657 sulmgiis
870 4566 905 4635 in
930 4562 1018 4635 huno
1043 4561 1152 4634 locum
1178 4571 1318 4637 evectus
1353 4584 1446 4655 sum,
1481 4585 1568 4636 nuno
1593 4566 1665 4660 ipse
1692 4584 1759 4637 nna
1785 4562 1906 4637 vohu-

251 4724 325 4774 cum
351 4700 554 4774 Academiae
580 4698 937 4794 gratulabundus
962 4703 996 4772 in
1023 4698 1164 4773 medium
1191 4702 1350 4798 procedo.

354 4838 438 4912 llam
464 4861 550 4914 varo
575 4860 666 4931 rem,
693 4839 735 4913 de
763 4863 827 4937 qna
841 4838 984 4913 dicturus
998 4860 1093 4931 sum,
1118 4860 1217 4913 nemo
1245 4841 1370 4931 nescit,
1396 4838 1620 4913 adoetissimo
1638 4848 1672 4913 et
1683 4838 1904 4913 illustrissimo

249 4973 414 5072 Savignio
441 5000 530 5053 nunc
553 4980 608 5074 ple
635 4976 791 5051 defuncto
817 4981 852 5050 ln
878 5000 982 5074 opere
1009 4976 1226 5051 celeberrimo
1250 4978 1407 5053 h‘ntoriae
1425 4978 1509 5070 juris
1534 4976 1678 5052 Romani
1704 4976 1803 5051 medii
1830 4976 1907 5051 aevi

1912 5222 1988 5327 l

1692 5338 1930 5521 wem
