<?xml version="1.0" encoding="UTF-8"?>
<!DOCTYPE html PUBLIC "-//W3C//DTD XHTML 1.0 Transitional//EN"
    "http://www.w3.org/TR/xhtml1/DTD/xhtml1-transitional.dtd">
<html xmlns="http://www.w3.org/1999/xhtml" xml:lang="en" lang="en">
 <head>
  <title>
</title>
<meta http-equiv="Content-Type" content="text/html;charset=utf-8" />
  <meta name='ocr-system' content='tesseract 3.04.00' />
  <meta name='ocr-capabilities' content='ocr_page ocr_carea ocr_par ocr_line ocrx_word'/>
</head>
<body>
  <div class='ocr_page' id='page_1' title='image "./destudiisjurisc00rossgoog_0025.png"; bbox 0 0 4775 6150; ppageno 0'>
   <div class='ocr_carea' id='block_1_1' title="bbox 1061 828 1108 901">
    <p class='ocr_par' dir='ltr' id='par_1_1' title="bbox 1061 828 1108 901">
     <span class='ocr_line' id='line_1_1' title="bbox 1061 828 1108 901; baseline -0.021 0"><span class='ocrx_word' id='word_1_1' title='bbox 1061 828 1108 901; x_wconf 85' lang='lat' dir='ltr'>ts</span> 
     </span>
    </p>
   </div>
   <div class='ocr_carea' id='block_1_2' title="bbox 255 1065 1911 1301">
    <p class='ocr_par' dir='ltr' id='par_1_2' title="bbox 255 1065 1911 1301">
     <span class='ocr_line' id='line_1_2' title="bbox 255 1065 1911 1166; baseline 0.007 -28"><span class='ocrx_word' id='word_1_2' title='bbox 255 1070 360 1138; x_wconf 85' lang='lat' dir='ltr'>vitam</span> <span class='ocrx_word' id='word_1_3' title='bbox 387 1066 564 1162; x_wconf 85' lang='lat' dir='ltr'>probatos,</span> <span class='ocrx_word' id='word_1_4' title='bbox 600 1065 761 1162; x_wconf 88' lang='lat' dir='ltr'>simulque</span> <span class='ocrx_word' id='word_1_5' title='bbox 788 1078 956 1163; x_wconf 86' lang='lat' dir='ltr'>optamus,</span> <span class='ocrx_word' id='word_1_6' title='bbox 992 1073 1086 1140; x_wconf 88' lang='lat' dir='ltr'>utin</span> <span class='ocrx_word' id='word_1_7' title='bbox 1126 1079 1294 1164; x_wconf 86' lang='lat' dir='ltr'>posterum</span> <span class='ocrx_word' id='word_1_8' title='bbox 1331 1091 1463 1166; x_wconf 89' lang='lat' dir='ltr'>quoque</span> <span class='ocrx_word' id='word_1_9' title='bbox 1497 1070 1583 1144; x_wconf 89' lang='lat' dir='ltr'>hunc</span> <span class='ocrx_word' id='word_1_10' title='bbox 1618 1071 1704 1144; x_wconf 89' lang='lat' dir='ltr'>diem</span> <span class='ocrx_word' id='word_1_11' title='bbox 1741 1073 1911 1149; x_wconf 88' lang='lat' dir='ltr'>nobiscum</span> 
     </span>
     <span class='ocr_line' id='line_1_3' title="bbox 256 1202 1149 1301; baseline 0.004 -27"><span class='ocrx_word' id='word_1_12' title='bbox 256 1202 447 1275; x_wconf 84' lang='lat' dir='ltr'>felicissime</span> <span class='ocrx_word' id='word_1_13' title='bbox 473 1211 633 1300; x_wconf 79' lang='lat' dir='ltr'><strong>peragant</strong></span> <span class='ocrx_word' id='word_1_14' title='bbox 660 1207 859 1301; x_wconf 81' lang='lat' dir='ltr'>saepiusque</span> <span class='ocrx_word' id='word_1_15' title='bbox 885 1209 1048 1301; x_wconf 87' lang='lat' dir='ltr'>peracturi</span> <span class='ocrx_word' id='word_1_16' title='bbox 1076 1209 1149 1280; x_wconf 86' lang='lat' dir='ltr'>sint.</span> 
     </span>
    </p>
   </div>
   <div class='ocr_carea' id='block_1_3' title="bbox 240 1565 1918 2766">
    <p class='ocr_par' dir='ltr' id='par_1_3' title="bbox 240 1565 1918 2078">
     <span class='ocr_line' id='line_1_4' title="bbox 366 1565 1918 1666; baseline 0.005 -30"><span class='ocrx_word' id='word_1_17' title='bbox 366 1565 803 1660; x_wconf 82' lang='lat' dir='ltr'>TheologorumOrdo</span> <span class='ocrx_word' id='word_1_18' title='bbox 826 1565 911 1636; x_wconf 90' lang='lat' dir='ltr'>hanc</span> <span class='ocrx_word' id='word_1_19' title='bbox 924 1577 1144 1662; x_wconf 89' lang='lat' dir='ltr'>proposuerat</span> <span class='ocrx_word' id='word_1_20' title='bbox 1157 1569 1403 1662; x_wconf 89' lang='lat' dir='ltr'>quaestionem:</span> <span class='ocrx_word' id='word_1_21' title='bbox 1431 1566 1622 1662; x_wconf 86' lang='lat' dir='ltr'>Explicetur</span> <span class='ocrx_word' id='word_1_22' title='bbox 1649 1573 1739 1641; x_wconf 91' lang='lat' dir='ltr'>notio</span> <span class='ocrx_word' id='word_1_23' title='bbox 1768 1593 1918 1666; x_wconf 84' lang='lat' dir='ltr'>congre-</span> 
     </span>
     <span class='ocr_line' id='line_1_5' title="bbox 266 1703 1914 1802; baseline 0.005 -27"><span class='ocrx_word' id='word_1_24' title='bbox 266 1706 408 1797; x_wconf 83' lang='lat' dir='ltr'>gationis</span> <span class='ocrx_word' id='word_1_25' title='bbox 436 1714 645 1794; x_wconf 90' lang='lat' dir='ltr'>sanctorum,</span> <span class='ocrx_word' id='word_1_26' title='bbox 681 1725 765 1799; x_wconf 85' lang='lat' dir='ltr'>quae</span> <span class='ocrx_word' id='word_1_27' title='bbox 792 1703 933 1775; x_wconf 90' lang='lat' dir='ltr'>ecclesia</span> <span class='ocrx_word' id='word_1_28' title='bbox 962 1703 1137 1776; x_wconf 89' lang='lat' dir='ltr'>christiana</span> <span class='ocrx_word' id='word_1_29' title='bbox 1173 1724 1250 1774; x_wconf 90' lang='lat' dir='ltr'>esse</span> <span class='ocrx_word' id='word_1_30' title='bbox 1285 1703 1420 1794; x_wconf 89' lang='lat' dir='ltr'>dicitur,</span> <span class='ocrx_word' id='word_1_31' title='bbox 1455 1707 1615 1802; x_wconf 87' lang='lat' dir='ltr'>simulque</span> <span class='ocrx_word' id='word_1_32' title='bbox 1651 1708 1848 1802; x_wconf 83' lang='lat' dir='ltr'>colligantur</span> <span class='ocrx_word' id='word_1_33' title='bbox 1880 1721 1914 1784; x_wconf 88' lang='lat' dir='ltr'>et</span> 
     </span>
     <span class='ocr_line' id='line_1_6' title="bbox 263 1841 1913 1936; baseline 0.002 -22"><span class='ocrx_word' id='word_1_34' title='bbox 263 1841 479 1934; x_wconf 78' lang='lat' dir='ltr'><strong>dijudicemur</strong></span> <span class='ocrx_word' id='word_1_35' title='bbox 506 1847 690 1915; x_wconf 88' lang='lat' dir='ltr'>sententiae</span> <span class='ocrx_word' id='word_1_36' title='bbox 716 1847 885 1930; x_wconf 85' lang='lat' dir='ltr'>virorum,</span> <span class='ocrx_word' id='word_1_37' title='bbox 912 1844 964 1935; x_wconf 89' lang='lat' dir='ltr'>qui</span> <span class='ocrx_word' id='word_1_38' title='bbox 988 1852 1053 1914; x_wconf 91' lang='lat' dir='ltr'>tam</span> <span class='ocrx_word' id='word_1_39' title='bbox 1079 1853 1198 1914; x_wconf 87' lang='lat' dir='ltr'>vetere</span> <span class='ocrx_word' id='word_1_40' title='bbox 1224 1864 1322 1936; x_wconf 80' lang='lat' dir='ltr'>quam</span> <span class='ocrx_word' id='word_1_41' title='bbox 1337 1847 1512 1914; x_wconf 76' lang='lat' dir='ltr'>recentiori</span> <span class='ocrx_word' id='word_1_42' title='bbox 1535 1866 1621 1917; x_wconf 89' lang='lat' dir='ltr'>aevo</span> <span class='ocrx_word' id='word_1_43' title='bbox 1643 1845 1685 1915; x_wconf 89' lang='lat' dir='ltr'>de</span> <span class='ocrx_word' id='word_1_44' title='bbox 1711 1869 1752 1918; x_wconf 90' lang='lat' dir='ltr'>eo</span> <span class='ocrx_word' id='word_1_45' title='bbox 1778 1851 1913 1920; x_wconf 88' lang='lat' dir='ltr'>notione</span> 
     </span>
     <span class='ocr_line' id='line_1_7' title="bbox 240 1979 521 2078; baseline 0.004 -26"><span class='ocrx_word' id='word_1_46' title='bbox 240 1993 241 1996; x_wconf 76' lang='grc'>’</span> <span class='ocrx_word' id='word_1_47' title='bbox 262 1979 521 2078; x_wconf 77' lang='lat' dir='ltr'>disputauerunt.</span> 
     </span>
    </p>

    <p class='ocr_par' dir='ltr' id='par_1_4' title="bbox 366 2117 992 2214">
     <span class='ocr_line' id='line_1_8' title="bbox 366 2117 992 2214; baseline 0.005 -25"><span class='ocrx_word' id='word_1_48' title='bbox 366 2118 450 2190; x_wconf 90' lang='lat' dir='ltr'>Huic</span> <span class='ocrx_word' id='word_1_49' title='bbox 478 2121 661 2214; x_wconf 87' lang='lat' dir='ltr'>quaestioni</span> <span class='ocrx_word' id='word_1_50' title='bbox 688 2139 785 2190; x_wconf 91' lang='lat' dir='ltr'>nemo</span> <span class='ocrx_word' id='word_1_51' title='bbox 813 2117 992 2212; x_wconf 83' lang='lat' dir='ltr'>respondit</span> 
     </span>
    </p>

    <p class='ocr_par' dir='ltr' id='par_1_5' title="bbox 365 2255 1436 2353">
     <span class='ocr_line' id='line_1_9' title="bbox 365 2255 1436 2353; baseline -0.004 -24"><span class='ocrx_word' id='word_1_52' title='bbox 365 2255 456 2329; x_wconf 86' lang='lat' dir='ltr'>Ordo</span> <span class='ocrx_word' id='word_1_53' title='bbox 483 2255 915 2329; x_wconf 86' lang='lat' dir='ltr'>lurisoonsultorum</span> <span class='ocrx_word' id='word_1_54' title='bbox 942 2267 1164 2353; x_wconf 72' lang='lat' dir='ltr'>proposuerat</span> <span class='ocrx_word' id='word_1_55' title='bbox 1191 2258 1436 2349; x_wconf 83' lang='lat' dir='ltr'>quaestionem:</span> 
     </span>
    </p>

    <p class='ocr_par' dir='ltr' id='par_1_6' title="bbox 366 2393 1430 2489">
     <span class='ocr_line' id='line_1_10' title="bbox 366 2393 1430 2489; baseline 0 -24"><span class='ocrx_word' id='word_1_56' title='bbox 366 2393 608 2489; x_wconf 85' lang='lat' dir='ltr'>,Explicentur</span> <span class='ocrx_word' id='word_1_57' title='bbox 634 2393 836 2466; x_wconf 86' lang='lat' dir='ltr'>dihercutiae</span> <span class='ocrx_word' id='word_1_58' title='bbox 863 2398 1006 2467; x_wconf 90' lang='lat' dir='ltr'>criminis</span> <span class='ocrx_word' id='word_1_59' title='bbox 1033 2394 1106 2466; x_wconf 87' lang='lat' dir='ltr'>falsi</span> <span class='ocrx_word' id='word_1_60' title='bbox 1134 2405 1167 2464; x_wconf 93' lang='lat' dir='ltr'>et</span> <span class='ocrx_word' id='word_1_61' title='bbox 1193 2394 1430 2467; x_wconf 88' lang='lat' dir='ltr'>stellionatus.“</span> 
     </span>
    </p>

    <p class='ocr_par' dir='ltr' id='par_1_7' title="bbox 365 2528 1762 2627">
     <span class='ocr_line' id='line_1_11' title="bbox 365 2528 1762 2627; baseline 0 -24"><span class='ocrx_word' id='word_1_62' title='bbox 365 2529 502 2604; x_wconf 80' lang='lat' dir='ltr'>Oblatas</span> <span class='ocrx_word' id='word_1_63' title='bbox 529 2542 604 2606; x_wconf 90' lang='lat' dir='ltr'>sunt</span> <span class='ocrx_word' id='word_1_64' title='bbox 631 2532 715 2604; x_wconf 86' lang='lat' dir='ltr'>duae</span> <span class='ocrx_word' id='word_1_65' title='bbox 742 2534 1056 2621; x_wconf 72' lang='lat' dir='ltr'>commentationum,</span> <span class='ocrx_word' id='word_1_66' title='bbox 1084 2553 1220 2624; x_wconf 90' lang='lat' dir='ltr'>quarum</span> <span class='ocrx_word' id='word_1_67' title='bbox 1246 2535 1338 2625; x_wconf 90' lang='lat' dir='ltr'>prior</span> <span class='ocrx_word' id='word_1_68' title='bbox 1364 2528 1478 2603; x_wconf 88' lang='lat' dir='ltr'>verbis</span> <span class='ocrx_word' id='word_1_69' title='bbox 1507 2534 1663 2627; x_wconf 88' lang='lat' dir='ltr'>inscripta</span> <span class='ocrx_word' id='word_1_70' title='bbox 1691 2540 1762 2603; x_wconf 88' lang='lat' dir='ltr'>est:</span> 
     </span>
    </p>

    <p class='ocr_par' dir='ltr' id='par_1_8' title="bbox 473 2659 1423 2766">
     <span class='ocr_line' id='line_1_12' title="bbox 473 2659 1423 2766; baseline -0.004 -22"><span class='ocrx_word' id='word_1_71' title='bbox 473 2659 698 2766; x_wconf 83' lang='lat' dir='ltr'>„Captare</span> <span class='ocrx_word' id='word_1_72' title='bbox 725 2691 809 2741; x_wconf 91' lang='lat' dir='ltr'>non</span> <span class='ocrx_word' id='word_1_73' title='bbox 836 2691 999 2764; x_wconf 88' lang='lat' dir='ltr'>capere</span> <span class='ocrx_word' id='word_1_74' title='bbox 1024 2667 1134 2739; x_wconf 87' lang='lat' dir='ltr'>licet</span> <span class='ocrx_word' id='word_1_75' title='bbox 1160 2665 1423 2740; x_wconf 85' lang='lat' dir='ltr'>veritatcm“</span> 
     </span>
    </p>
   </div>
   <div class='ocr_carea' id='block_1_4' title="bbox 266 2807 389 2880">
    <p class='ocr_par' dir='ltr' id='par_1_9' title="bbox 266 2807 389 2915">
     <span class='ocr_line' id='line_1_13' title="bbox 266 2807 389 2880; baseline -0.008 -1"><span class='ocrx_word' id='word_1_76' title='bbox 266 2807 389 2880; x_wconf 89' lang='lat' dir='ltr'>altera:</span> 
     </span>
    </p>
   </div>
   <div class='ocr_carea' id='block_1_5' title="bbox 260 2943 1917 5111">
    <p class='ocr_par' dir='ltr' id='par_1_10' title="bbox 473 2943 1916 3038">
     <span class='ocr_line' id='line_1_14' title="bbox 473 2943 1916 3038; baseline 0.001 -22"><span class='ocrx_word' id='word_1_77' title='bbox 473 2943 697 3038; x_wconf 82' lang='lat' dir='ltr'>,Vanitati</span> <span class='ocrx_word' id='word_1_78' title='bbox 724 2947 955 3016; x_wconf 90' lang='lat' dir='ltr'>contraria</span> <span class='ocrx_word' id='word_1_79' title='bbox 983 2953 1050 3015; x_wconf 91' lang='lat' dir='ltr'>cst</span> <span class='ocrx_word' id='word_1_80' title='bbox 1070 2946 1301 3014; x_wconf 85' lang='lat' dir='ltr'>sententia</span> <span class='ocrx_word' id='word_1_81' title='bbox 1336 2943 1586 3033; x_wconf 75' lang='lat' dir='ltr'>declarauS,</span> <span class='ocrx_word' id='word_1_82' title='bbox 1608 2943 1794 3016; x_wconf 90' lang='lat' dir='ltr'>mundus</span> <span class='ocrx_word' id='word_1_83' title='bbox 1818 2946 1916 3018; x_wconf 93' lang='lat' dir='ltr'>vult</span> 
     </span>
    </p>

    <p class='ocr_par' dir='ltr' id='par_1_11' title="bbox 347 3079 1086 3180">
     <span class='ocr_line' id='line_1_15' title="bbox 347 3079 1086 3180; baseline 0.005 -29"><span class='ocrx_word' id='word_1_84' title='bbox 347 3141 350 3151; x_wconf 92' lang='lat'>.</span> <span class='ocrx_word' id='word_1_85' title='bbox 473 3082 640 3180; x_wconf 80' lang='lat' dir='ltr'>decipi,</span> <span class='ocrx_word' id='word_1_86' title='bbox 667 3105 777 3175; x_wconf 86' lang='lat' dir='ltr'>ergo</span> <span class='ocrx_word' id='word_1_87' title='bbox 806 3079 1086 3178; x_wconf 81' lang='lat' dir='ltr'>decipiatur.“</span> 
     </span>
    </p>

    <p class='ocr_par' dir='ltr' id='par_1_12' title="bbox 260 3218 1917 5111">
     <span class='ocr_line' id='line_1_16' title="bbox 369 3218 1915 3314; baseline -0.002 -19"><span class='ocrx_word' id='word_1_88' title='bbox 369 3221 555 3295; x_wconf 89' lang='lat' dir='ltr'>Dolendum</span> <span class='ocrx_word' id='word_1_89' title='bbox 582 3232 652 3313; x_wconf 84' lang='lat' dir='ltr'>est,</span> <span class='ocrx_word' id='word_1_90' title='bbox 678 3232 832 3293; x_wconf 91' lang='lat' dir='ltr'>auctores</span> <span class='ocrx_word' id='word_1_91' title='bbox 859 3224 1027 3313; x_wconf 87' lang='lat' dir='ltr'>utriusque</span> <span class='ocrx_word' id='word_1_92' title='bbox 1054 3220 1336 3291; x_wconf 88' lang='lat' dir='ltr'>commentationis</span> <span class='ocrx_word' id='word_1_93' title='bbox 1363 3240 1471 3314; x_wconf 88' lang='lat' dir='ltr'>neque</span> <span class='ocrx_word' id='word_1_94' title='bbox 1498 3218 1664 3292; x_wconf 73' lang='lat' dir='ltr'>historiam</span> <span class='ocrx_word' id='word_1_95' title='bbox 1687 3222 1773 3313; x_wconf 89' lang='lat' dir='ltr'>juris</span> <span class='ocrx_word' id='word_1_96' title='bbox 1799 3222 1915 3292; x_wconf 86' lang='lat' dir='ltr'>crimi-</span> 
     </span>
     <span class='ocr_line' id='line_1_17' title="bbox 263 3357 1917 3455; baseline -0.002 -22"><span class='ocrx_word' id='word_1_97' title='bbox 263 3362 347 3434; x_wconf 89' lang='lat' dir='ltr'>nalis</span> <span class='ocrx_word' id='word_1_98' title='bbox 374 3362 622 3451; x_wconf 87' lang='lat' dir='ltr'>Romanorum,</span> <span class='ocrx_word' id='word_1_99' title='bbox 648 3382 757 3453; x_wconf 90' lang='lat' dir='ltr'>neque</span> <span class='ocrx_word' id='word_1_100' title='bbox 784 3360 951 3431; x_wconf 83' lang='lat' dir='ltr'>historiam</span> <span class='ocrx_word' id='word_1_101' title='bbox 978 3360 1116 3431; x_wconf 88' lang='lat' dir='ltr'>rationis</span> <span class='ocrx_word' id='word_1_102' title='bbox 1152 3362 1389 3455; x_wconf 81' lang='lat' dir='ltr'>perspexisse,</span> <span class='ocrx_word' id='word_1_103' title='bbox 1425 3360 1621 3453; x_wconf 88' lang='lat' dir='ltr'>quaeinter</span> <span class='ocrx_word' id='word_1_104' title='bbox 1647 3357 1741 3452; x_wconf 83' lang='lat' dir='ltr'>leges</span> <span class='ocrx_word' id='word_1_105' title='bbox 1767 3369 1917 3454; x_wconf 88' lang='lat' dir='ltr'>ternpore</span> 
     </span>
     <span class='ocr_line' id='line_1_18' title="bbox 262 3494 1914 3597; baseline -0.002 -25"><span class='ocrx_word' id='word_1_106' title='bbox 262 3499 463 3597; x_wconf 86' lang='lat' dir='ltr'>reipublicae</span> <span class='ocrx_word' id='word_1_107' title='bbox 488 3496 661 3571; x_wconf 85' lang='lat' dir='ltr'>Romanae</span> <span class='ocrx_word' id='word_1_108' title='bbox 687 3498 789 3588; x_wconf 87' lang='lat' dir='ltr'>latas,</span> <span class='ocrx_word' id='word_1_109' title='bbox 817 3501 947 3569; x_wconf 88' lang='lat' dir='ltr'>etinter</span> <span class='ocrx_word' id='word_1_110' title='bbox 968 3501 1023 3591; x_wconf 92' lang='lat' dir='ltr'>jus</span> <span class='ocrx_word' id='word_1_111' title='bbox 1050 3500 1269 3569; x_wconf 87' lang='lat' dir='ltr'>accusationis</span> <span class='ocrx_word' id='word_1_112' title='bbox 1296 3506 1327 3569; x_wconf 91' lang='lat' dir='ltr'>et</span> <span class='ocrx_word' id='word_1_113' title='bbox 1355 3495 1487 3568; x_wconf 90' lang='lat' dir='ltr'>modum</span> <span class='ocrx_word' id='word_1_114' title='bbox 1513 3494 1714 3593; x_wconf 90' lang='lat' dir='ltr'>procedendi</span> <span class='ocrx_word' id='word_1_115' title='bbox 1729 3497 1914 3588; x_wconf 83' lang='lat' dir='ltr'>intercedlt3</span> 
     </span>
     <span class='ocr_line' id='line_1_19' title="bbox 261 3633 1910 3733; baseline -0.001 -23"><span class='ocrx_word' id='word_1_116' title='bbox 261 3636 293 3710; x_wconf 90' lang='lat' dir='ltr'>id</span> <span class='ocrx_word' id='word_1_117' title='bbox 321 3658 453 3733; x_wconf 86' lang='lat' dir='ltr'>quoque</span> <span class='ocrx_word' id='word_1_118' title='bbox 480 3635 656 3709; x_wconf 89' lang='lat' dir='ltr'>dolendum</span> <span class='ocrx_word' id='word_1_119' title='bbox 684 3646 744 3727; x_wconf 90' lang='lat' dir='ltr'>est,</span> <span class='ocrx_word' id='word_1_120' title='bbox 772 3646 946 3731; x_wconf 87' lang='lat' dir='ltr'>utrumque</span> <span class='ocrx_word' id='word_1_121' title='bbox 973 3645 1140 3707; x_wconf 87' lang='lat' dir='ltr'>auctorem</span> <span class='ocrx_word' id='word_1_122' title='bbox 1168 3644 1452 3724; x_wconf 86' lang='lat' dir='ltr'>arctumnexum,</span> <span class='ocrx_word' id='word_1_123' title='bbox 1480 3638 1535 3729; x_wconf 88' lang='lat' dir='ltr'>qui</span> <span class='ocrx_word' id='word_1_124' title='bbox 1552 3639 1638 3707; x_wconf 89' lang='lat' dir='ltr'>inter</span> <span class='ocrx_word' id='word_1_125' title='bbox 1662 3636 1715 3727; x_wconf 88' lang='lat' dir='ltr'>jus</span> <span class='ocrx_word' id='word_1_126' title='bbox 1742 3633 1910 3708; x_wconf 84' lang='lat' dir='ltr'>criminale</span> 
     </span>
     <span class='ocr_line' id='line_1_20' title="bbox 262 3770 1908 3870; baseline 0.001 -25"><span class='ocrx_word' id='word_1_127' title='bbox 262 3784 297 3846; x_wconf 90' lang='lat' dir='ltr'>et</span> <span class='ocrx_word' id='word_1_128' title='bbox 318 3777 374 3867; x_wconf 91' lang='lat' dir='ltr'>jus</span> <span class='ocrx_word' id='word_1_129' title='bbox 402 3774 501 3847; x_wconf 85' lang='lat' dir='ltr'>ciuile</span> <span class='ocrx_word' id='word_1_130' title='bbox 537 3772 621 3869; x_wconf 91' lang='lat' dir='ltr'>apud</span> <span class='ocrx_word' id='word_1_131' title='bbox 649 3773 819 3846; x_wconf 87' lang='lat' dir='ltr'>Romanos</span> <span class='ocrx_word' id='word_1_132' title='bbox 855 3770 1010 3861; x_wconf 76' lang='lat' dir='ltr'>obtinuit,</span> <span class='ocrx_word' id='word_1_133' title='bbox 1045 3772 1130 3844; x_wconf 90' lang='lat' dir='ltr'>haud</span> <span class='ocrx_word' id='word_1_134' title='bbox 1165 3776 1245 3845; x_wconf 87' lang='lat' dir='ltr'>satis</span> <span class='ocrx_word' id='word_1_135' title='bbox 1280 3778 1482 3870; x_wconf 80' lang='lat' dir='ltr'>percepisse.</span> <span class='ocrx_word' id='word_1_136' title='bbox 1536 3772 1725 3847; x_wconf 87' lang='lat' dir='ltr'>Omiserunt</span> <span class='ocrx_word' id='word_1_137' title='bbox 1756 3783 1908 3846; x_wconf 87' lang='lat' dir='ltr'>auctores</span> 
     </span>
     <span class='ocr_line' id='line_1_21' title="bbox 262 3909 1915 4008; baseline -0.001 -24"><span class='ocrx_word' id='word_1_138' title='bbox 262 3916 432 4008; x_wconf 87' lang='lat' dir='ltr'>utriusque</span> <span class='ocrx_word' id='word_1_139' title='bbox 459 3913 742 3984; x_wconf 87' lang='lat' dir='ltr'>commentationis</span> <span class='ocrx_word' id='word_1_140' title='bbox 758 3912 926 4003; x_wconf 89' lang='lat' dir='ltr'>inquirere</span> <span class='ocrx_word' id='word_1_141' title='bbox 938 3913 971 3981; x_wconf 90' lang='lat' dir='ltr'>in</span> <span class='ocrx_word' id='word_1_142' title='bbox 985 3911 1198 4005; x_wconf 88' lang='lat' dir='ltr'>principium,</span> <span class='ocrx_word' id='word_1_143' title='bbox 1225 3931 1291 4005; x_wconf 86' lang='lat' dir='ltr'>quo</span> <span class='ocrx_word' id='word_1_144' title='bbox 1305 3909 1446 3982; x_wconf 87' lang='lat' dir='ltr'>Romani</span> <span class='ocrx_word' id='word_1_145' title='bbox 1468 3910 1652 3985; x_wconf 88' lang='lat' dir='ltr'>libertatem</span> <span class='ocrx_word' id='word_1_146' title='bbox 1666 3912 1854 3983; x_wconf 89' lang='lat' dir='ltr'>commercii</span> <span class='ocrx_word' id='word_1_147' title='bbox 1880 3919 1915 3982; x_wconf 90' lang='lat' dir='ltr'>et</span> 
     </span>
     <span class='ocr_line' id='line_1_22' title="bbox 261 4044 1913 4144; baseline -0.001 -23"><span class='ocrx_word' id='word_1_148' title='bbox 261 4050 344 4122; x_wconf 86' lang='lat' dir='ltr'>lucri</span> <span class='ocrx_word' id='word_1_149' title='bbox 370 4047 511 4121; x_wconf 84' lang='lat' dir='ltr'>faciendi</span> <span class='ocrx_word' id='word_1_150' title='bbox 537 4047 676 4121; x_wconf 90' lang='lat' dir='ltr'>studium</span> <span class='ocrx_word' id='word_1_151' title='bbox 704 4069 779 4119; x_wconf 88' lang='lat' dir='ltr'>curn</span> <span class='ocrx_word' id='word_1_152' title='bbox 807 4046 1063 4119; x_wconf 87' lang='lat' dir='ltr'>contrahentium</span> <span class='ocrx_word' id='word_1_153' title='bbox 1090 4044 1291 4139; x_wconf 83' lang='lat' dir='ltr'>obligatione</span> <span class='ocrx_word' id='word_1_154' title='bbox 1319 4050 1493 4120; x_wconf 87' lang='lat' dir='ltr'>veritatem</span> <span class='ocrx_word' id='word_1_155' title='bbox 1521 4047 1712 4144; x_wconf 86' lang='lat' dir='ltr'>proferendi</span> <span class='ocrx_word' id='word_1_156' title='bbox 1751 4046 1913 4120; x_wconf 88' lang='lat' dir='ltr'>concilia-</span> 
     </span>
     <span class='ocr_line' id='line_1_23' title="bbox 261 4179 1914 4279; baseline -0.005 -16"><span class='ocrx_word' id='word_1_157' title='bbox 261 4191 391 4276; x_wconf 82' lang='lat' dir='ltr'>verint3</span> <span class='ocrx_word' id='word_1_158' title='bbox 418 4185 511 4259; x_wconf 87' lang='lat' dir='ltr'>deest</span> <span class='ocrx_word' id='word_1_159' title='bbox 537 4189 570 4257; x_wconf 94' lang='lat' dir='ltr'>in</span> <span class='ocrx_word' id='word_1_160' title='bbox 598 4182 926 4259; x_wconf 87' lang='lat' dir='ltr'>commentationibus</span> <span class='ocrx_word' id='word_1_161' title='bbox 953 4185 1137 4279; x_wconf 81' lang='lat' dir='ltr'>exploratio</span> <span class='ocrx_word' id='word_1_162' title='bbox 1166 4188 1349 4256; x_wconf 85' lang='lat' dir='ltr'>sententiae</span> <span class='ocrx_word' id='word_1_163' title='bbox 1376 4181 1548 4256; x_wconf 86' lang='lat' dir='ltr'>Ciceronis</span> <span class='ocrx_word' id='word_1_164' title='bbox 1602 4184 1669 4271; x_wconf 87' lang='lat' dir='ltr'>(De</span> <span class='ocrx_word' id='word_1_165' title='bbox 1705 4179 1843 4277; x_wconf 84' lang='lat' dir='ltr'>officiis]</span> <span class='ocrx_word' id='word_1_166' title='bbox 1879 4193 1914 4255; x_wconf 91' lang='lat' dir='ltr'>et</span> 
     </span>
     <span class='ocr_line' id='line_1_24' title="bbox 262 4320 1911 4421; baseline -0.003 -24"><span class='ocrx_word' id='word_1_167' title='bbox 262 4326 400 4399; x_wconf 89' lang='lat' dir='ltr'>aliorum</span> <span class='ocrx_word' id='word_1_168' title='bbox 427 4323 696 4421; x_wconf 90' lang='lat' dir='ltr'>pbilosophorum</span> <span class='ocrx_word' id='word_1_169' title='bbox 710 4324 934 4396; x_wconf 88' lang='lat' dir='ltr'>Romanorum</span> <span class='ocrx_word' id='word_1_170' title='bbox 961 4321 1002 4393; x_wconf 92' lang='lat' dir='ltr'>de</span> <span class='ocrx_word' id='word_1_171' title='bbox 1029 4320 1164 4411; x_wconf 90' lang='lat' dir='ltr'>finibus,</span> <span class='ocrx_word' id='word_1_172' title='bbox 1191 4325 1276 4394; x_wconf 89' lang='lat' dir='ltr'>intra</span> <span class='ocrx_word' id='word_1_173' title='bbox 1303 4345 1387 4418; x_wconf 86' lang='lat' dir='ltr'>quos</span> <span class='ocrx_word' id='word_1_174' title='bbox 1408 4323 1500 4395; x_wconf 90' lang='lat' dir='ltr'>fraus</span> <span class='ocrx_word' id='word_1_175' title='bbox 1528 4330 1561 4393; x_wconf 88' lang='lat' dir='ltr'>et</span> <span class='ocrx_word' id='word_1_176' title='bbox 1588 4321 1746 4396; x_wconf 85' lang='lat' dir='ltr'>calliditas</span> <span class='ocrx_word' id='word_1_177' title='bbox 1773 4324 1805 4393; x_wconf 92' lang='lat' dir='ltr'>in</span> <span class='ocrx_word' id='word_1_178' title='bbox 1824 4343 1911 4393; x_wconf 92' lang='lat' dir='ltr'>con-</span> 
     </span>
     <span class='ocr_line' id='line_1_25' title="bbox 260 4457 1910 4561; baseline -0.004 -25"><span class='ocrx_word' id='word_1_179' title='bbox 260 4462 416 4537; x_wconf 89' lang='lat' dir='ltr'>tractibus</span> <span class='ocrx_word' id='word_1_180' title='bbox 443 4464 567 4536; x_wconf 90' lang='lat' dir='ltr'>admitti</span> <span class='ocrx_word' id='word_1_181' title='bbox 592 4466 705 4561; x_wconf 89' lang='lat' dir='ltr'>possit.</span> <span class='ocrx_word' id='word_1_182' title='bbox 757 4460 916 4534; x_wconf 89' lang='lat' dir='ltr'>Notiones</span> <span class='ocrx_word' id='word_1_183' title='bbox 944 4464 1088 4534; x_wconf 87' lang='lat' dir='ltr'>criminis</span> <span class='ocrx_word' id='word_1_184' title='bbox 1115 4458 1190 4533; x_wconf 84' lang='lat' dir='ltr'>falsi</span> <span class='ocrx_word' id='word_1_185' title='bbox 1205 4471 1238 4532; x_wconf 89' lang='lat' dir='ltr'>et</span> <span class='ocrx_word' id='word_1_186' title='bbox 1255 4461 1457 4533; x_wconf 87' lang='lat' dir='ltr'>stellionatus</span> <span class='ocrx_word' id='word_1_187' title='bbox 1471 4460 1512 4533; x_wconf 90' lang='lat' dir='ltr'>ab</span> <span class='ocrx_word' id='word_1_188' title='bbox 1533 4457 1720 4533; x_wconf 85' lang='lat' dir='ltr'>auctoribus</span> <span class='ocrx_word' id='word_1_189' title='bbox 1734 4478 1910 4532; x_wconf 87' lang='lat' dir='ltr'>commen-</span> 
     </span>
     <span class='ocr_line' id='line_1_26' title="bbox 262 4597 1913 4697; baseline -0.002 -24"><span class='ocrx_word' id='word_1_190' title='bbox 262 4604 418 4674; x_wconf 90' lang='lat' dir='ltr'>tationum</span> <span class='ocrx_word' id='word_1_191' title='bbox 449 4602 597 4697; x_wconf 88' lang='lat' dir='ltr'>prolatae</span> <span class='ocrx_word' id='word_1_192' title='bbox 624 4603 718 4672; x_wconf 90' lang='lat' dir='ltr'>nimis</span> <span class='ocrx_word' id='word_1_193' title='bbox 745 4599 809 4672; x_wconf 90' lang='lat' dir='ltr'>late</span> <span class='ocrx_word' id='word_1_194' title='bbox 835 4610 954 4694; x_wconf 89' lang='lat' dir='ltr'>patent</span> <span class='ocrx_word' id='word_1_195' title='bbox 1007 4597 1231 4670; x_wconf 87' lang='lat' dir='ltr'>Gravissimas</span> <span class='ocrx_word' id='word_1_196' title='bbox 1267 4602 1475 4692; x_wconf 89' lang='lat' dir='ltr'>quaestiones</span> <span class='ocrx_word' id='word_1_197' title='bbox 1510 4604 1543 4671; x_wconf 90' lang='lat' dir='ltr'>in</span> <span class='ocrx_word' id='word_1_198' title='bbox 1577 4598 1640 4669; x_wconf 90' lang='lat' dir='ltr'>hac</span> <span class='ocrx_word' id='word_1_199' title='bbox 1674 4597 1821 4669; x_wconf 88' lang='lat' dir='ltr'>doctrina</span> <span class='ocrx_word' id='word_1_200' title='bbox 1857 4598 1913 4670; x_wconf 91' lang='lat' dir='ltr'>vel</span> 
     </span>
     <span class='ocr_line' id='line_1_27' title="bbox 262 4732 1912 4835; baseline -0.002 -24"><span class='ocrx_word' id='word_1_201' title='bbox 262 4740 359 4835; x_wconf 89' lang='lat' dir='ltr'>plane</span> <span class='ocrx_word' id='word_1_202' title='bbox 386 4742 566 4812; x_wconf 90' lang='lat' dir='ltr'>omiserunt</span> <span class='ocrx_word' id='word_1_203' title='bbox 605 4739 661 4812; x_wconf 90' lang='lat' dir='ltr'>vel</span> <span class='ocrx_word' id='word_1_204' title='bbox 687 4736 787 4811; x_wconf 88' lang='lat' dir='ltr'>labris</span> <span class='ocrx_word' id='word_1_205' title='bbox 823 4748 944 4810; x_wconf 89' lang='lat' dir='ltr'>tantum</span> <span class='ocrx_word' id='word_1_206' title='bbox 979 4740 1165 4832; x_wconf 85' lang='lat' dir='ltr'>attigerunt.</span> <span class='ocrx_word' id='word_1_207' title='bbox 1228 4736 1446 4830; x_wconf 81' lang='lat' dir='ltr'>Fragmenta,</span> <span class='ocrx_word' id='word_1_208' title='bbox 1473 4758 1558 4831; x_wconf 88' lang='lat' dir='ltr'>quae</span> <span class='ocrx_word' id='word_1_209' title='bbox 1588 4739 1622 4807; x_wconf 91' lang='lat' dir='ltr'>in</span> <span class='ocrx_word' id='word_1_210' title='bbox 1661 4738 1734 4829; x_wconf 88' lang='lat' dir='ltr'>jure</span> <span class='ocrx_word' id='word_1_211' title='bbox 1760 4732 1912 4807; x_wconf 89' lang='lat' dir='ltr'>Romano</span> 
     </span>
     <span class='ocr_line' id='line_1_28' title="bbox 263 4872 1913 4972; baseline -0.002 -24"><span class='ocrx_word' id='word_1_212' title='bbox 263 4877 302 4949; x_wconf 91' lang='lat' dir='ltr'>ad</span> <span class='ocrx_word' id='word_1_213' title='bbox 330 4879 455 4949; x_wconf 86' lang='lat' dir='ltr'>crimen</span> <span class='ocrx_word' id='word_1_214' title='bbox 482 4875 556 4948; x_wconf 83' lang='lat' dir='ltr'>falsi</span> <span class='ocrx_word' id='word_1_215' title='bbox 584 4888 617 4949; x_wconf 88' lang='lat' dir='ltr'>et</span> <span class='ocrx_word' id='word_1_216' title='bbox 643 4878 847 4949; x_wconf 87' lang='lat' dir='ltr'>stellionatus</span> <span class='ocrx_word' id='word_1_217' title='bbox 882 4878 1067 4972; x_wconf 76' lang='lat' dir='ltr'>pertinent,</span> <span class='ocrx_word' id='word_1_218' title='bbox 1108 4872 1149 4947; x_wconf 96' lang='lat' dir='ltr'>ab</span> <span class='ocrx_word' id='word_1_219' title='bbox 1176 4873 1364 4947; x_wconf 86' lang='lat' dir='ltr'>auctoribus</span> <span class='ocrx_word' id='word_1_220' title='bbox 1399 4874 1455 4946; x_wconf 85' lang='lat' dir='ltr'>vel</span> <span class='ocrx_word' id='word_1_221' title='bbox 1487 4894 1626 4970; x_wconf 88' lang='lat' dir='ltr'>prorsus</span> <span class='ocrx_word' id='word_1_222' title='bbox 1660 4874 1813 4968; x_wconf 80' lang='lat' dir='ltr'>neglecta</span> <span class='ocrx_word' id='word_1_223' title='bbox 1857 4872 1913 4945; x_wconf 88' lang='lat' dir='ltr'>vol</span> 
     </span>
     <span class='ocr_line' id='line_1_29' title="bbox 264 5007 1912 5111; baseline -0.003 -25"><span class='ocrx_word' id='word_1_224' title='bbox 264 5014 383 5087; x_wconf 88' lang='lat' dir='ltr'>leviter</span> <span class='ocrx_word' id='word_1_225' title='bbox 409 5013 573 5111; x_wconf 87' lang='lat' dir='ltr'>explicata</span> <span class='ocrx_word' id='word_1_226' title='bbox 600 5024 694 5105; x_wconf 70' lang='lat' dir='ltr'>sunt,</span> <span class='ocrx_word' id='word_1_227' title='bbox 729 5036 838 5109; x_wconf 89' lang='lat' dir='ltr'>neque</span> <span class='ocrx_word' id='word_1_228' title='bbox 865 5012 962 5086; x_wconf 90' lang='lat' dir='ltr'>iidem</span> <span class='ocrx_word' id='word_1_229' title='bbox 989 5022 1141 5086; x_wconf 87' lang='lat' dir='ltr'>auctores</span> <span class='ocrx_word' id='word_1_230' title='bbox 1176 5015 1373 5110; x_wconf 86' lang='lat' dir='ltr'>perscrutati</span> <span class='ocrx_word' id='word_1_231' title='bbox 1406 5019 1482 5085; x_wconf 89' lang='lat' dir='ltr'>sunt</span> <span class='ocrx_word' id='word_1_232' title='bbox 1514 5014 1716 5102; x_wconf 85' lang='lat' dir='ltr'>sententias,</span> <span class='ocrx_word' id='word_1_233' title='bbox 1751 5031 1836 5105; x_wconf 88' lang='lat' dir='ltr'>quae</span> <span class='ocrx_word' id='word_1_234' title='bbox 1871 5007 1912 5082; x_wconf 87' lang='lat' dir='ltr'>ab</span> 
     </span>
    </p>
   </div>
   <div class='ocr_carea' id='block_1_6' title="bbox 0 0 2392 6150">
    <p class='ocr_par' dir='ltr' id='par_1_13' title="bbox 0 0 2392 6150">
     <span class='ocr_line' id='line_1_30' title="bbox 0 0 2392 6150; baseline 0 0"><span class='ocrx_word' id='word_1_235' title='bbox 0 0 2392 6150; x_wconf 95' lang='lat' dir='ltr'> </span> 
     </span>
    </p>
   </div>
  </div>
 </body>
</html>
