<?xml version="1.0" encoding="UTF-8"?>
<!DOCTYPE html PUBLIC "-//W3C//DTD XHTML 1.0 Transitional//EN"
    "http://www.w3.org/TR/xhtml1/DTD/xhtml1-transitional.dtd">
<html xmlns="http://www.w3.org/1999/xhtml" xml:lang="en" lang="en">
 <head>
  <title>
</title>
<meta http-equiv="Content-Type" content="text/html;charset=utf-8" />
  <meta name='ocr-system' content='tesseract 3.04.00' />
  <meta name='ocr-capabilities' content='ocr_page ocr_carea ocr_par ocr_line ocrx_word'/>
</head>
<body>
  <div class='ocr_page' id='page_1' title='image "./destudiisjurisc00rossgoog_0021.png"; bbox 0 0 4775 6150; ppageno 0'>
   <div class='ocr_carea' id='block_1_1' title="bbox 1054 823 1099 892">
    <p class='ocr_par' dir='ltr' id='par_1_1' title="bbox 1054 823 1099 892">
     <span class='ocr_line' id='line_1_1' title="bbox 1054 823 1099 892; baseline 0 0"><span class='ocrx_word' id='word_1_1' title='bbox 1054 823 1099 892; x_wconf 89' lang='lat'>15</span> 
     </span>
    </p>
   </div>
   <div class='ocr_carea' id='block_1_2' title="bbox 242 1057 1902 2813">
    <p class='ocr_par' dir='ltr' id='par_1_2' title="bbox 246 1057 1902 1573">
     <span class='ocr_line' id='line_1_2' title="bbox 246 1057 1902 1159; baseline 0.004 -26"><span class='ocrx_word' id='word_1_2' title='bbox 246 1060 332 1134; x_wconf 87' lang='lat' dir='ltr'>baud</span> <span class='ocrx_word' id='word_1_3' title='bbox 358 1057 678 1155; x_wconf 73' lang='lat' dir='ltr'>accensebantur.*]</span> <span class='ocrx_word' id='word_1_4' title='bbox 732 1060 898 1134; x_wconf 86' lang='lat' dir='ltr'>Doctores</span> <span class='ocrx_word' id='word_1_5' title='bbox 936 1082 1068 1155; x_wconf 91' lang='lat' dir='ltr'>quoqne</span> <span class='ocrx_word' id='word_1_6' title='bbox 1103 1061 1312 1135; x_wconf 89' lang='lat' dir='ltr'>decretorum</span> <span class='ocrx_word' id='word_1_7' title='bbox 1348 1066 1491 1159; x_wconf 88' lang='lat' dir='ltr'>itemque</span> <span class='ocrx_word' id='word_1_8' title='bbox 1526 1063 1681 1138; x_wconf 77' lang='lat' dir='ltr'>dodorus</span> <span class='ocrx_word' id='word_1_9' title='bbox 1717 1065 1902 1140; x_wconf 78' lang='lat' dir='ltr'>medicinae</span> 
     </span>
     <span class='ocr_line' id='line_1_3' title="bbox 247 1197 1900 1296; baseline 0.001 -22"><span class='ocrx_word' id='word_1_10' title='bbox 247 1205 381 1274; x_wconf 90' lang='lat' dir='ltr'>omnino</span> <span class='ocrx_word' id='word_1_11' title='bbox 408 1198 450 1272; x_wconf 90' lang='lat' dir='ltr'>ab</span> <span class='ocrx_word' id='word_1_12' title='bbox 476 1202 597 1272; x_wconf 82' lang='lat' dir='ltr'>antistis</span> <span class='ocrx_word' id='word_1_13' title='bbox 624 1197 905 1294; x_wconf 72' lang='lat' dir='ltr'><strong>distinguebantur</strong></span> <span class='ocrx_word' id='word_1_14' title='bbox 932 1207 966 1272; x_wconf 85' lang='lat' dir='ltr'>et</span> <span class='ocrx_word' id='word_1_15' title='bbox 990 1202 1144 1296; x_wconf 92' lang='lat' dir='ltr'>proprios</span> <span class='ocrx_word' id='word_1_16' title='bbox 1159 1199 1292 1274; x_wconf 77' lang='lat' dir='ltr'>ordines</span> <span class='ocrx_word' id='word_1_17' title='bbox 1313 1200 1563 1291; x_wconf 72' lang='lat' dir='ltr'>constituebant,</span> <span class='ocrx_word' id='word_1_18' title='bbox 1588 1200 1665 1273; x_wconf 92' lang='lat' dir='ltr'>inde</span> <span class='ocrx_word' id='word_1_19' title='bbox 1690 1205 1779 1274; x_wconf 93' lang='lat' dir='ltr'>enim</span> <span class='ocrx_word' id='word_1_20' title='bbox 1807 1213 1900 1275; x_wconf 89' lang='lat' dir='ltr'>ortae</span> 
     </span>
     <span class='ocr_line' id='line_1_4' title="bbox 247 1335 1900 1433; baseline 0.001 -22"><span class='ocrx_word' id='word_1_21' title='bbox 247 1349 323 1411; x_wconf 92' lang='lat' dir='ltr'>sunt</span> <span class='ocrx_word' id='word_1_22' title='bbox 348 1347 488 1433; x_wconf 69' lang='grc' dir='ltr'>ᾳιιιιιιοι</span> <span class='ocrx_word' id='word_1_23' title='bbox 515 1335 698 1410; x_wconf 72' lang='lat' dir='ltr'><strong>facultates.</strong></span> <span class='ocrx_word' id='word_1_24' title='bbox 754 1335 827 1408; x_wconf 89' lang='lat' dir='ltr'>llcc</span> <span class='ocrx_word' id='word_1_25' title='bbox 853 1335 953 1410; x_wconf 93' lang='lat' dir='ltr'>modo</span> <span class='ocrx_word' id='word_1_26' title='bbox 980 1336 1066 1411; x_wconf 88' lang='lat' dir='ltr'>adeo</span> <span class='ocrx_word' id='word_1_27' title='bbox 1100 1337 1223 1410; x_wconf 88' lang='lat' dir='ltr'>lactum</span> <span class='ocrx_word' id='word_1_28' title='bbox 1261 1347 1333 1428; x_wconf 85' lang='lat' dir='ltr'>est,</span> <span class='ocrx_word' id='word_1_29' title='bbox 1370 1348 1407 1412; x_wconf 93' lang='grc' dir='ltr'>ιιι</span> <span class='ocrx_word' id='word_1_30' title='bbox 1440 1337 1596 1412; x_wconf 90' lang='lat' dir='ltr'>doctores</span> <span class='ocrx_word' id='word_1_31' title='bbox 1631 1339 1839 1414; x_wconf 88' lang='lat' dir='ltr'>decretorum</span> <span class='ocrx_word' id='word_1_32' title='bbox 1866 1352 1900 1413; x_wconf 92' lang='lat' dir='ltr'>et</span> 
     </span>
     <span class='ocr_line' id='line_1_5' title="bbox 246 1472 1308 1573; baseline -0.001 -24"><span class='ocrx_word' id='word_1_33' title='bbox 246 1477 357 1570; x_wconf 86' lang='lat' dir='ltr'>legum</span> <span class='ocrx_word' id='word_1_34' title='bbox 383 1475 503 1548; x_wconf 92' lang='lat' dir='ltr'>crebro</span> <span class='ocrx_word' id='word_1_35' title='bbox 529 1479 563 1548; x_wconf 92' lang='lat' dir='ltr'>in</span> <span class='ocrx_word' id='word_1_36' title='bbox 589 1473 670 1546; x_wconf 91' lang='lat' dir='ltr'>duas</span> <span class='ocrx_word' id='word_1_37' title='bbox 697 1472 870 1548; x_wconf 76' lang='lat' dir='ltr'><strong>facultates</strong></span> <span class='ocrx_word' id='word_1_38' title='bbox 897 1477 1064 1567; x_wconf 89' lang='lat' dir='ltr'>conjuncti</span> <span class='ocrx_word' id='word_1_39' title='bbox 1090 1479 1308 1573; x_wconf 90' lang='lat' dir='ltr'>reperiantur.</span> 
     </span>
    </p>

    <p class='ocr_par' dir='ltr' id='par_1_3' title="bbox 243 1611 1899 2260">
     <span class='ocr_line' id='line_1_6' title="bbox 348 1611 1899 1710; baseline 0.001 -24"><span class='ocrx_word' id='word_1_40' title='bbox 348 1614 495 1687; x_wconf 87' lang='lat' dir='ltr'>Fuerunt</span> <span class='ocrx_word' id='word_1_41' title='bbox 521 1612 720 1686; x_wconf 90' lang='lat' dir='ltr'>autemillis</span> <span class='ocrx_word' id='word_1_42' title='bbox 746 1611 948 1708; x_wconf 89' lang='lat' dir='ltr'>temporibus</span> <span class='ocrx_word' id='word_1_43' title='bbox 974 1623 1043 1686; x_wconf 91' lang='lat' dir='ltr'>tres</span> <span class='ocrx_word' id='word_1_44' title='bbox 1056 1614 1221 1688; x_wconf 92' lang='lat' dir='ltr'>honarum</span> <span class='ocrx_word' id='word_1_45' title='bbox 1234 1613 1378 1707; x_wconf 86' lang='lat' dir='ltr'>gradus:</span> <span class='ocrx_word' id='word_1_46' title='bbox 1404 1611 1761 1710; x_wconf 76' lang='lat' dir='ltr'>baccalaureatus,“)</span> <span class='ocrx_word' id='word_1_47' title='bbox 1788 1616 1899 1689; x_wconf 91' lang='lat' dir='ltr'>licen-</span> 
     </span>
     <span class='ocr_line' id='line_1_7' title="bbox 244 1748 1898 1843; baseline 0 -18"><span class='ocrx_word' id='word_1_48' title='bbox 244 1755 361 1843; x_wconf 85' lang='lat' dir='ltr'>tiatus,</span> <span class='ocrx_word' id='word_1_49' title='bbox 388 1752 587 1825; x_wconf 81' lang='lat' dir='ltr'><strong>doctoratus.</strong></span> <span class='ocrx_word' id='word_1_50' title='bbox 641 1749 827 1822; x_wconf 84' lang='lat' dir='ltr'>Medicinae</span> <span class='ocrx_word' id='word_1_51' title='bbox 840 1748 997 1822; x_wconf 87' lang='lat' dir='ltr'>doctores</span> <span class='ocrx_word' id='word_1_52' title='bbox 1024 1754 1056 1823; x_wconf 92' lang='lat' dir='ltr'>in</span> <span class='ocrx_word' id='word_1_53' title='bbox 1073 1751 1251 1824; x_wconf 88' lang='lat' dir='ltr'>Parisiensi</span> <span class='ocrx_word' id='word_1_54' title='bbox 1268 1750 1492 1824; x_wconf 83' lang='lat' dir='ltr'>Universitate</span> <span class='ocrx_word' id='word_1_55' title='bbox 1527 1750 1612 1824; x_wconf 90' lang='lat' dir='ltr'>adeo</span> <span class='ocrx_word' id='word_1_56' title='bbox 1647 1752 1795 1827; x_wconf 89' lang='lat' dir='ltr'>coelibes</span> <span class='ocrx_word' id='word_1_57' title='bbox 1821 1775 1898 1826; x_wconf 91' lang='lat' dir='ltr'>esse</span> 
     </span>
     <span class='ocr_line' id='line_1_8' title="bbox 243 1885 1899 1986; baseline 0.001 -26"><span class='ocrx_word' id='word_1_58' title='bbox 243 1888 425 1979; x_wconf 84' lang='lat' dir='ltr'>debebant,</span> <span class='ocrx_word' id='word_1_59' title='bbox 450 1900 567 1985; x_wconf 87' lang='lat' dir='ltr'>postea</span> <span class='ocrx_word' id='word_1_60' title='bbox 594 1899 704 1960; x_wconf 90' lang='lat' dir='ltr'>tamen</span> <span class='ocrx_word' id='word_1_61' title='bbox 730 1886 795 1959; x_wconf 89' lang='lat' dir='ltr'>boc</span> <span class='ocrx_word' id='word_1_62' title='bbox 821 1885 1015 1982; x_wconf 89' lang='lat' dir='ltr'>abrogatum</span> <span class='ocrx_word' id='word_1_63' title='bbox 1042 1899 1110 1960; x_wconf 89' lang='lat' dir='ltr'>est:</span> <span class='ocrx_word' id='word_1_64' title='bbox 1150 1889 1306 1986; x_wconf 82' lang='lat' dir='ltr'>idemque</span> <span class='ocrx_word' id='word_1_65' title='bbox 1333 1893 1432 1962; x_wconf 93' lang='lat' dir='ltr'>etiam</span> <span class='ocrx_word' id='word_1_66' title='bbox 1467 1894 1647 1963; x_wconf 87' lang='lat' dir='ltr'>canonistis</span> <span class='ocrx_word' id='word_1_67' title='bbox 1682 1891 1774 1964; x_wconf 89' lang='lat' dir='ltr'>laicis</span> <span class='ocrx_word' id='word_1_68' title='bbox 1810 1913 1899 1964; x_wconf 90' lang='lat' dir='ltr'>con-</span> 
     </span>
     <span class='ocr_line' id='line_1_9' title="bbox 243 2025 1896 2120; baseline 0.001 -20"><span class='ocrx_word' id='word_1_69' title='bbox 243 2050 375 2101; x_wconf 89' lang='lat' dir='ltr'>cessum</span> <span class='ocrx_word' id='word_1_70' title='bbox 401 2036 461 2101; x_wconf 86' lang='lat' dir='ltr'>est</span> <span class='ocrx_word' id='word_1_71' title='bbox 514 2027 547 2098; x_wconf 92' lang='lat' dir='ltr'>lu</span> <span class='ocrx_word' id='word_1_72' title='bbox 574 2025 846 2120; x_wconf 85' lang='lat' dir='ltr'>Heidelbergonsi</span> <span class='ocrx_word' id='word_1_73' title='bbox 872 2025 1097 2099; x_wconf 86' lang='lat' dir='ltr'>Universitete</span> <span class='ocrx_word' id='word_1_74' title='bbox 1123 2029 1188 2118; x_wconf 86' lang='lat' dir='ltr'>jam</span> <span class='ocrx_word' id='word_1_75' title='bbox 1216 2037 1342 2100; x_wconf 90' lang='lat' dir='ltr'>matare</span> <span class='ocrx_word' id='word_1_76' title='bbox 1366 2026 1638 2101; x_wconf 86' lang='lat' dir='ltr'>baccalaureatus</span> <span class='ocrx_word' id='word_1_77' title='bbox 1663 2027 1808 2100; x_wconf 87' lang='lat' dir='ltr'>sublatus</span> <span class='ocrx_word' id='word_1_78' title='bbox 1834 2039 1896 2118; x_wconf 89' lang='lat' dir='ltr'>est,</span> 
     </span>
     <span class='ocr_line' id='line_1_10' title="bbox 244 2163 1897 2260; baseline -0.002 -21"><span class='ocrx_word' id='word_1_79' title='bbox 244 2179 280 2240; x_wconf 91' lang='lat' dir='ltr'>ut</span> <span class='ocrx_word' id='word_1_80' title='bbox 305 2189 350 2239; x_wconf 88' lang='lat' dir='ltr'>ex</span> <span class='ocrx_word' id='word_1_81' title='bbox 376 2165 560 2238; x_wconf 86' lang='lat' dir='ltr'>Annalibus</span> <span class='ocrx_word' id='word_1_82' title='bbox 588 2165 817 2260; x_wconf 82' lang='lat' dir='ltr'>intelligimus,</span> <span class='ocrx_word' id='word_1_83' title='bbox 845 2163 959 2258; x_wconf 91' lang='lat' dir='ltr'>quibus</span> <span class='ocrx_word' id='word_1_84' title='bbox 988 2167 1194 2238; x_wconf 88' lang='lat' dir='ltr'>continentur</span> <span class='ocrx_word' id='word_1_85' title='bbox 1219 2165 1345 2238; x_wconf 90' lang='lat' dir='ltr'>indices</span> <span class='ocrx_word' id='word_1_86' title='bbox 1370 2164 1624 2238; x_wconf 79' lang='lat' dir='ltr'>licentiatorum</span> <span class='ocrx_word' id='word_1_87' title='bbox 1651 2175 1684 2238; x_wconf 91' lang='lat' dir='ltr'>et</span> <span class='ocrx_word' id='word_1_88' title='bbox 1704 2166 1897 2238; x_wconf 83' lang='lat' dir='ltr'>Doctorum.</span> 
     </span>
    </p>

    <p class='ocr_par' dir='ltr' id='par_1_4' title="bbox 242 2301 1898 2813">
     <span class='ocr_line' id='line_1_11' title="bbox 347 2301 1897 2398; baseline -0.001 -22"><span class='ocrx_word' id='word_1_89' title='bbox 347 2304 498 2398; x_wconf 84' lang='lat' dir='ltr'>Magistri</span> <span class='ocrx_word' id='word_1_90' title='bbox 533 2313 566 2375; x_wconf 89' lang='lat' dir='ltr'>et</span> <span class='ocrx_word' id='word_1_91' title='bbox 591 2301 776 2392; x_wconf 87' lang='lat' dir='ltr'>Doctores,</span> <span class='ocrx_word' id='word_1_92' title='bbox 813 2306 867 2396; x_wconf 92' lang='lat' dir='ltr'>qui</span> <span class='ocrx_word' id='word_1_93' title='bbox 901 2303 1061 2376; x_wconf 85' lang='lat' dir='ltr'>lectiones</span> <span class='ocrx_word' id='word_1_94' title='bbox 1096 2303 1279 2393; x_wconf 87' lang='lat' dir='ltr'>habebant,</span> <span class='ocrx_word' id='word_1_95' title='bbox 1314 2301 1507 2376; x_wconf 85' lang='lat' dir='ltr'>dicebantur</span> <span class='ocrx_word' id='word_1_96' title='bbox 1541 2314 1698 2397; x_wconf 87' lang='lat' dir='ltr'>regentes</span> <span class='ocrx_word' id='word_1_97' title='bbox 1733 2303 1789 2374; x_wconf 87' lang='lat' dir='ltr'>vel</span> <span class='ocrx_word' id='word_1_98' title='bbox 1822 2314 1897 2375; x_wconf 90' lang='lat' dir='ltr'>actu</span> 
     </span>
     <span class='ocr_line' id='line_1_12' title="bbox 245 2439 1898 2536; baseline -0.002 -20"><span class='ocrx_word' id='word_1_99' title='bbox 245 2453 421 2535; x_wconf 87' lang='lat' dir='ltr'>regentes,</span> <span class='ocrx_word' id='word_1_100' title='bbox 450 2444 552 2514; x_wconf 90' lang='lat' dir='ltr'>ceteri</span> <span class='ocrx_word' id='word_1_101' title='bbox 578 2463 645 2514; x_wconf 93' lang='lat' dir='ltr'>non</span> <span class='ocrx_word' id='word_1_102' title='bbox 672 2451 847 2535; x_wconf 89' lang='lat' dir='ltr'>regentes:</span> <span class='ocrx_word' id='word_1_103' title='bbox 884 2440 960 2512; x_wconf 91' lang='lat' dir='ltr'>inde</span> <span class='ocrx_word' id='word_1_104' title='bbox 986 2444 1020 2513; x_wconf 95' lang='lat' dir='ltr'>in</span> <span class='ocrx_word' id='word_1_105' title='bbox 1046 2439 1226 2533; x_wconf 88' lang='lat' dir='ltr'>majoribus</span> <span class='ocrx_word' id='word_1_106' title='bbox 1252 2439 1540 2531; x_wconf 86' lang='lat' dir='ltr'>Universitatibus‚</span> <span class='ocrx_word' id='word_1_107' title='bbox 1566 2451 1601 2514; x_wconf 89' lang='lat' dir='ltr'>ut</span> <span class='ocrx_word' id='word_1_108' title='bbox 1627 2439 1836 2536; x_wconf 82' lang='lat' dir='ltr'>inPragensi</span> <span class='ocrx_word' id='word_1_109' title='bbox 1864 2451 1898 2513; x_wconf 88' lang='lat' dir='ltr'>et</span> 
     </span>
     <span class='ocr_line' id='line_1_13' title="bbox 243 2576 1897 2676; baseline -0.001 -24"><span class='ocrx_word' id='word_1_110' title='bbox 243 2581 437 2670; x_wconf 87' lang='lat' dir='ltr'>Viennensi,</span> <span class='ocrx_word' id='word_1_111' title='bbox 464 2579 528 2652; x_wconf 90' lang='lat' dir='ltr'>duo</span> <span class='ocrx_word' id='word_1_112' title='bbox 544 2579 684 2672; x_wconf 83' lang='lat' dir='ltr'>collegia</span> <span class='ocrx_word' id='word_1_113' title='bbox 711 2577 960 2651; x_wconf 80' lang='lat' dir='ltr'>instituebantur</span> <span class='ocrx_word' id='word_1_114' title='bbox 990 2617 1033 2629; x_wconf 90' lang='lat'>-</span> <span class='ocrx_word' id='word_1_115' title='bbox 1063 2576 1290 2675; x_wconf 82' lang='lat' dir='ltr'>professorum</span> <span class='ocrx_word' id='word_1_116' title='bbox 1327 2587 1360 2650; x_wconf 90' lang='lat' dir='ltr'>et</span> <span class='ocrx_word' id='word_1_117' title='bbox 1395 2577 1586 2666; x_wconf 89' lang='lat' dir='ltr'>doctorum,</span> <span class='ocrx_word' id='word_1_118' title='bbox 1622 2578 1897 2676; x_wconf 78' lang='lat' dir='ltr'>quemadmodum</span> 
     </span>
     <span class='ocr_line' id='line_1_14' title="bbox 242 2715 1896 2813; baseline -0.004 -21"><span class='ocrx_word' id='word_1_119' title='bbox 242 2719 277 2792; x_wconf 94' lang='lat' dir='ltr'>id</span> <span class='ocrx_word' id='word_1_120' title='bbox 302 2719 407 2791; x_wconf 91' lang='lat' dir='ltr'>adbuc</span> <span class='ocrx_word' id='word_1_121' title='bbox 432 2721 465 2790; x_wconf 94' lang='lat' dir='ltr'>in</span> <span class='ocrx_word' id='word_1_122' title='bbox 492 2717 674 2790; x_wconf 89' lang='lat' dir='ltr'>Viennensi</span> <span class='ocrx_word' id='word_1_123' title='bbox 708 2717 839 2789; x_wconf 91' lang='lat' dir='ltr'>obtinet.</span> <span class='ocrx_word' id='word_1_124' title='bbox 905 2717 1158 2789; x_wconf 90' lang='lat' dir='ltr'>Licentiatorum</span> <span class='ocrx_word' id='word_1_125' title='bbox 1192 2721 1339 2790; x_wconf 88' lang='lat' dir='ltr'>rationes</span> <span class='ocrx_word' id='word_1_126' title='bbox 1373 2715 1459 2788; x_wconf 89' lang='lat' dir='ltr'>baud</span> <span class='ocrx_word' id='word_1_127' title='bbox 1494 2727 1585 2789; x_wconf 90' lang='lat' dir='ltr'>recte</span> <span class='ocrx_word' id='word_1_128' title='bbox 1620 2719 1774 2813; x_wconf 85' lang='lat' dir='ltr'>exposuit</span> <span class='ocrx_word' id='word_1_129' title='bbox 1798 2717 1829 2789; x_wconf 88' lang='lat' dir='ltr'>J.</span> <span class='ocrx_word' id='word_1_130' title='bbox 1855 2717 1896 2788; x_wconf 89' lang='lat' dir='ltr'>H.</span> 
     </span>
    </p>
   </div>
   <div class='ocr_carea' id='block_1_3' title="bbox 243 2852 1897 2951">
    <p class='ocr_par' dir='ltr' id='par_1_5' title="bbox 243 2852 1897 2951">
     <span class='ocr_line' id='line_1_15' title="bbox 243 2852 1897 2951; baseline -0.001 -22"><span class='ocrx_word' id='word_1_131' title='bbox 243 2852 495 2949; x_wconf 73' lang='lat' dir='ltr'>Bdhmer,*”)</span> <span class='ocrx_word' id='word_1_132' title='bbox 531 2855 672 2950; x_wconf 89' lang='lat' dir='ltr'>ideoque</span> <span class='ocrx_word' id='word_1_133' title='bbox 706 2858 823 2927; x_wconf 91' lang='lat' dir='ltr'>merito</span> <span class='ocrx_word' id='word_1_134' title='bbox 861 2859 1063 2951; x_wconf 89' lang='lat' dir='ltr'>vituperatus</span> <span class='ocrx_word' id='word_1_135' title='bbox 1090 2879 1110 2927; x_wconf 91' lang='lat' dir='ltr'>a</span> <span class='ocrx_word' id='word_1_136' title='bbox 1137 2854 1244 2944; x_wconf 88' lang='lat' dir='ltr'>Sarti,</span> <span class='ocrx_word' id='word_1_137' title='bbox 1279 2859 1334 2949; x_wconf 93' lang='lat' dir='ltr'>qui</span> <span class='ocrx_word' id='word_1_138' title='bbox 1369 2858 1470 2929; x_wconf 85' lang='lat' dir='ltr'>vitam</span> <span class='ocrx_word' id='word_1_139' title='bbox 1506 2855 1714 2928; x_wconf 80' lang='lat' dir='ltr'>celeberrimi</span> <span class='ocrx_word' id='word_1_140' title='bbox 1748 2853 1897 2928; x_wconf 85' lang='lat' dir='ltr'>Gratiani</span> 
     </span>
    </p>
   </div>
   <div class='ocr_carea' id='block_1_4' title="bbox 242 2997 1896 4468">
    <p class='ocr_par' dir='ltr' id='par_1_6' title="bbox 244 2997 391 3091">
     <span class='ocr_line' id='line_1_16' title="bbox 244 2997 391 3091; baseline -0.02 -25"><span class='ocrx_word' id='word_1_141' title='bbox 244 2997 391 3091; x_wconf 80' lang='lat' dir='ltr'>exponit.</span> 
     </span>
    </p>

    <p class='ocr_par' dir='ltr' id='par_1_7' title="bbox 243 3128 1896 4054">
     <span class='ocr_line' id='line_1_17' title="bbox 347 3128 1896 3227; baseline -0.002 -23"><span class='ocrx_word' id='word_1_142' title='bbox 347 3132 442 3221; x_wconf 83' lang='lat' dir='ltr'>Quod</span> <span class='ocrx_word' id='word_1_143' title='bbox 469 3132 510 3204; x_wconf 90' lang='lat' dir='ltr'>ad</span> <span class='ocrx_word' id='word_1_144' title='bbox 536 3132 656 3205; x_wconf 87' lang='lat' dir='ltr'>salaria</span> <span class='ocrx_word' id='word_1_145' title='bbox 682 3134 814 3221; x_wconf 85' lang='lat' dir='ltr'>attinet,</span> <span class='ocrx_word' id='word_1_146' title='bbox 850 3131 998 3224; x_wconf 82' lang='lat' dir='ltr'>theologi</span> <span class='ocrx_word' id='word_1_147' title='bbox 1032 3142 1186 3227; x_wconf 89' lang='lat' dir='ltr'>tanquam</span> <span class='ocrx_word' id='word_1_148' title='bbox 1220 3134 1369 3226; x_wconf 83' lang='lat' dir='ltr'>magistri</span> <span class='ocrx_word' id='word_1_149' title='bbox 1403 3134 1438 3203; x_wconf 92' lang='lat' dir='ltr'>in</span> <span class='ocrx_word' id='word_1_150' title='bbox 1473 3130 1597 3203; x_wconf 84' lang='lat' dir='ltr'>artibus</span> <span class='ocrx_word' id='word_1_151' title='bbox 1633 3128 1792 3203; x_wconf 83' lang='lat' dir='ltr'>beneficia</span> <span class='ocrx_word' id='word_1_152' title='bbox 1826 3152 1896 3204; x_wconf 91' lang='lat' dir='ltr'>non</span> 
     </span>
     <span class='ocr_line' id='line_1_18' title="bbox 243 3268 1895 3367; baseline -0.001 -24"><span class='ocrx_word' id='word_1_153' title='bbox 243 3270 426 3359; x_wconf 86' lang='lat' dir='ltr'>habebant,</span> <span class='ocrx_word' id='word_1_154' title='bbox 453 3274 528 3365; x_wconf 85' lang='lat' dir='ltr'>quia</span> <span class='ocrx_word' id='word_1_155' title='bbox 556 3277 650 3341; x_wconf 85' lang='lat' dir='ltr'>erant</span> <span class='ocrx_word' id='word_1_156' title='bbox 676 3270 740 3341; x_wconf 89' lang='lat' dir='ltr'>alio</span> <span class='ocrx_word' id='word_1_157' title='bbox 767 3269 866 3342; x_wconf 92' lang='lat' dir='ltr'>modo</span> <span class='ocrx_word' id='word_1_158' title='bbox 893 3268 1123 3365; x_wconf 87' lang='lat' dir='ltr'>praebendati:</span> <span class='ocrx_word' id='word_1_159' title='bbox 1159 3270 1275 3365; x_wconf 87' lang='lat' dir='ltr'>reliqui</span> <span class='ocrx_word' id='word_1_160' title='bbox 1301 3269 1511 3367; x_wconf 80' lang='lat' dir='ltr'>professores</span> <span class='ocrx_word' id='word_1_161' title='bbox 1546 3268 1750 3366; x_wconf 88' lang='lat' dir='ltr'>accipiebant</span> <span class='ocrx_word' id='word_1_162' title='bbox 1775 3270 1895 3342; x_wconf 88' lang='lat' dir='ltr'>salaria</span> 
     </span>
     <span class='ocr_line' id='line_1_19' title="bbox 244 3404 1895 3503; baseline -0.001 -23"><span class='ocrx_word' id='word_1_163' title='bbox 244 3432 264 3481; x_wconf 93' lang='lat' dir='ltr'>a</span> <span class='ocrx_word' id='word_1_164' title='bbox 290 3407 424 3503; x_wconf 86' lang='lat' dir='ltr'>regibus</span> <span class='ocrx_word' id='word_1_165' title='bbox 451 3416 483 3477; x_wconf 91' lang='lat' dir='ltr'>et</span> <span class='ocrx_word' id='word_1_166' title='bbox 508 3404 729 3502; x_wconf 84' lang='lat' dir='ltr'>principibus,</span> <span class='ocrx_word' id='word_1_167' title='bbox 756 3405 853 3499; x_wconf 90' lang='lat' dir='ltr'>idque</span> <span class='ocrx_word' id='word_1_168' title='bbox 879 3430 946 3479; x_wconf 92' lang='lat' dir='ltr'>non</span> <span class='ocrx_word' id='word_1_169' title='bbox 973 3413 1005 3477; x_wconf 93' lang='lat' dir='ltr'>in</span> <span class='ocrx_word' id='word_1_170' title='bbox 1033 3406 1138 3503; x_wconf 90' lang='lat' dir='ltr'>Gallia</span> <span class='ocrx_word' id='word_1_171' title='bbox 1165 3415 1199 3480; x_wconf 93' lang='lat' dir='ltr'>et</span> <span class='ocrx_word' id='word_1_172' title='bbox 1225 3407 1348 3501; x_wconf 85' lang='lat' dir='ltr'>Anglia</span> <span class='ocrx_word' id='word_1_173' title='bbox 1374 3416 1495 3480; x_wconf 88' lang='lat' dir='ltr'>tantum</span> <span class='ocrx_word' id='word_1_174' title='bbox 1522 3406 1646 3479; x_wconf 86' lang='lat' dir='ltr'>facturn</span> <span class='ocrx_word' id='word_1_175' title='bbox 1673 3418 1741 3496; x_wconf 89' lang='lat' dir='ltr'>est,</span> <span class='ocrx_word' id='word_1_176' title='bbox 1777 3428 1895 3479; x_wconf 90' lang='lat' dir='ltr'>verum</span> 
     </span>
     <span class='ocr_line' id='line_1_20' title="bbox 244 3543 1894 3641; baseline -0.001 -22"><span class='ocrx_word' id='word_1_177' title='bbox 244 3550 341 3619; x_wconf 90' lang='lat' dir='ltr'>etiam</span> <span class='ocrx_word' id='word_1_178' title='bbox 369 3549 401 3617; x_wconf 93' lang='lat' dir='ltr'>in</span> <span class='ocrx_word' id='word_1_179' title='bbox 430 3544 606 3617; x_wconf 88' lang='lat' dir='ltr'>Germania</span> <span class='ocrx_word' id='word_1_180' title='bbox 632 3555 729 3641; x_wconf 90' lang='lat' dir='ltr'>atque</span> <span class='ocrx_word' id='word_1_181' title='bbox 755 3549 788 3617; x_wconf 92' lang='lat' dir='ltr'>in</span> <span class='ocrx_word' id='word_1_182' title='bbox 814 3545 877 3617; x_wconf 92' lang='lat' dir='ltr'>bac</span> <span class='ocrx_word' id='word_1_183' title='bbox 902 3547 973 3640; x_wconf 91' lang='lat' dir='ltr'>ipsa</span> <span class='ocrx_word' id='word_1_184' title='bbox 999 3543 1224 3617; x_wconf 87' lang='lat' dir='ltr'>Universitate</span> <span class='ocrx_word' id='word_1_185' title='bbox 1250 3543 1544 3639; x_wconf 87' lang='lat' dir='ltr'>Heidelbergensi,</span> <span class='ocrx_word' id='word_1_186' title='bbox 1580 3554 1613 3616; x_wconf 92' lang='lat' dir='ltr'>ut</span> <span class='ocrx_word' id='word_1_187' title='bbox 1647 3566 1693 3615; x_wconf 84' lang='lat' dir='ltr'>ex</span> <span class='ocrx_word' id='word_1_188' title='bbox 1711 3543 1894 3617; x_wconf 86' lang='lat' dir='ltr'>Annalibus</span> 
     </span>
     <span class='ocr_line' id='line_1_21' title="bbox 245 3680 1895 3778; baseline 0 -24"><span class='ocrx_word' id='word_1_189' title='bbox 245 3691 379 3755; x_wconf 89' lang='lat' dir='ltr'>nostrae</span> <span class='ocrx_word' id='word_1_190' title='bbox 406 3681 638 3754; x_wconf 87' lang='lat' dir='ltr'>Universitatis</span> <span class='ocrx_word' id='word_1_191' title='bbox 666 3685 744 3755; x_wconf 91' lang='lat' dir='ltr'>satis</span> <span class='ocrx_word' id='word_1_192' title='bbox 771 3702 935 3777; x_wconf 91' lang='lat' dir='ltr'>superque</span> <span class='ocrx_word' id='word_1_193' title='bbox 962 3692 1108 3755; x_wconf 88' lang='lat' dir='ltr'>constat:</span> <span class='ocrx_word' id='word_1_194' title='bbox 1145 3683 1231 3755; x_wconf 93' lang='lat' dir='ltr'>unde</span> <span class='ocrx_word' id='word_1_195' title='bbox 1278 3680 1463 3778; x_wconf 90' lang='lat' dir='ltr'>respublica</span> <span class='ocrx_word' id='word_1_196' title='bbox 1511 3680 1769 3755; x_wconf 89' lang='lat' dir='ltr'>Universitatum</span> <span class='ocrx_word' id='word_1_197' title='bbox 1804 3703 1895 3777; x_wconf 93' lang='lat' dir='ltr'>quo-</span> 
     </span>
     <span class='ocr_line' id='line_1_22' title="bbox 245 3818 1894 3913; baseline -0.001 -20"><span class='ocrx_word' id='word_1_198' title='bbox 245 3819 421 3893; x_wconf 90' lang='lat' dir='ltr'>dammodo</span> <span class='ocrx_word' id='word_1_199' title='bbox 441 3820 569 3909; x_wconf 86' lang='lat' dir='ltr'>libera,</span> <span class='ocrx_word' id='word_1_200' title='bbox 595 3823 669 3913; x_wconf 89' lang='lat' dir='ltr'>quia</span> <span class='ocrx_word' id='word_1_201' title='bbox 697 3818 821 3891; x_wconf 88' lang='lat' dir='ltr'>dotatio</span> <span class='ocrx_word' id='word_1_202' title='bbox 848 3840 893 3891; x_wconf 89' lang='lat' dir='ltr'>ex</span> <span class='ocrx_word' id='word_1_203' title='bbox 912 3820 1142 3893; x_wconf 86' lang='lat' dir='ltr'>aerariolacta</span> <span class='ocrx_word' id='word_1_204' title='bbox 1169 3830 1238 3910; x_wconf 89' lang='lat' dir='ltr'>est,</span> <span class='ocrx_word' id='word_1_205' title='bbox 1266 3819 1499 3894; x_wconf 84' lang='lat' dir='ltr'>valdemutata</span> <span class='ocrx_word' id='word_1_206' title='bbox 1514 3829 1586 3910; x_wconf 88' lang='lat' dir='ltr'>est,</span> <span class='ocrx_word' id='word_1_207' title='bbox 1612 3819 1697 3891; x_wconf 91' lang='lat' dir='ltr'>adeo</span> <span class='ocrx_word' id='word_1_208' title='bbox 1725 3822 1894 3892; x_wconf 90' lang='lat' dir='ltr'>utnostris</span> 
     </span>
     <span class='ocr_line' id='line_1_23' title="bbox 244 3954 1833 4054; baseline 0 -24"><span class='ocrx_word' id='word_1_209' title='bbox 244 3957 445 4053; x_wconf 91' lang='lat' dir='ltr'>temporibus</span> <span class='ocrx_word' id='word_1_210' title='bbox 471 3957 712 4029; x_wconf 89' lang='lat' dir='ltr'>Universitates</span> <span class='ocrx_word' id='word_1_211' title='bbox 740 3954 937 4030; x_wconf 87' lang='lat' dir='ltr'>Germaniae</span> <span class='ocrx_word' id='word_1_212' title='bbox 965 3962 1180 4031; x_wconf 89' lang='lat' dir='ltr'>assumserint</span> <span class='ocrx_word' id='word_1_213' title='bbox 1206 3956 1348 4029; x_wconf 83' lang='lat' dir='ltr'>formam</span> <span class='ocrx_word' id='word_1_214' title='bbox 1374 3960 1595 4031; x_wconf 89' lang='lat' dir='ltr'>institutorum</span> <span class='ocrx_word' id='word_1_215' title='bbox 1619 3957 1833 4054; x_wconf 88' lang='lat' dir='ltr'>publicorum.</span> 
     </span>
    </p>

    <p class='ocr_par' dir='ltr' id='par_1_8' title="bbox 242 4094 1894 4468">
     <span class='ocr_line' id='line_1_24' title="bbox 348 4094 1893 4190; baseline 0 -23"><span class='ocrx_word' id='word_1_216' title='bbox 348 4094 445 4183; x_wconf 83' lang='lat' dir='ltr'>Quod</span> <span class='ocrx_word' id='word_1_217' title='bbox 484 4117 569 4167; x_wconf 88' lang='lat' dir='ltr'>vero</span> <span class='ocrx_word' id='word_1_218' title='bbox 603 4098 638 4167; x_wconf 93' lang='lat' dir='ltr'>in</span> <span class='ocrx_word' id='word_1_219' title='bbox 672 4104 760 4167; x_wconf 76' lang='lat' dir='ltr'>tunm</span> <span class='ocrx_word' id='word_1_220' title='bbox 795 4100 936 4168; x_wconf 91' lang='lat' dir='ltr'>omnium</span> <span class='ocrx_word' id='word_1_221' title='bbox 976 4118 1087 4167; x_wconf 89' lang='lat' dir='ltr'>rerum</span> <span class='ocrx_word' id='word_1_222' title='bbox 1123 4100 1380 4168; x_wconf 88' lang='lat' dir='ltr'>commutatione</span> <span class='ocrx_word' id='word_1_223' title='bbox 1416 4094 1595 4167; x_wconf 89' lang='lat' dir='ltr'>academici</span> <span class='ocrx_word' id='word_1_224' title='bbox 1628 4094 1751 4190; x_wconf 90' lang='lat' dir='ltr'>gradus</span> <span class='ocrx_word' id='word_1_225' title='bbox 1787 4095 1893 4168; x_wconf 90' lang='lat' dir='ltr'>adbuc</span> 
     </span>
     <span class='ocr_line' id='line_1_25' title="bbox 242 4231 1894 4329; baseline -0.002 -22"><span class='ocrx_word' id='word_1_226' title='bbox 242 4238 369 4308; x_wconf 87' lang='lat' dir='ltr'>servati</span> <span class='ocrx_word' id='word_1_227' title='bbox 395 4241 489 4323; x_wconf 86' lang='lat' dir='ltr'>sunt,</span> <span class='ocrx_word' id='word_1_228' title='bbox 516 4233 549 4305; x_wconf 91' lang='lat' dir='ltr'>id</span> <span class='ocrx_word' id='word_1_229' title='bbox 577 4232 706 4327; x_wconf 91' lang='lat' dir='ltr'>quidem</span> <span class='ocrx_word' id='word_1_230' title='bbox 733 4244 766 4304; x_wconf 88' lang='lat' dir='ltr'>et</span> <span class='ocrx_word' id='word_1_231' title='bbox 790 4236 898 4329; x_wconf 92' lang='lat' dir='ltr'>ipsum</span> <span class='ocrx_word' id='word_1_232' title='bbox 924 4233 1111 4327; x_wconf 85' lang='lat' dir='ltr'>dignitatem</span> <span class='ocrx_word' id='word_1_233' title='bbox 1137 4231 1367 4305; x_wconf 89' lang='lat' dir='ltr'>Universitatis</span> <span class='ocrx_word' id='word_1_234' title='bbox 1395 4241 1555 4304; x_wconf 90' lang='lat' dir='ltr'>retentam</span> <span class='ocrx_word' id='word_1_235' title='bbox 1583 4232 1747 4322; x_wconf 83' lang='lat' dir='ltr'>declarat,</span> <span class='ocrx_word' id='word_1_236' title='bbox 1773 4232 1894 4305; x_wconf 90' lang='lat' dir='ltr'>simul-</span> 
     </span>
     <span class='ocr_line' id='line_1_26' title="bbox 244 4369 1839 4468; baseline 0.001 -26"><span class='ocrx_word' id='word_1_237' title='bbox 244 4392 396 4467; x_wconf 90' lang='lat' dir='ltr'>queeam</span> <span class='ocrx_word' id='word_1_238' title='bbox 424 4370 825 4461; x_wconf 88' lang='lat' dir='ltr'>animorumlibertatem‚</span> <span class='ocrx_word' id='word_1_239' title='bbox 855 4372 895 4443; x_wconf 88' lang='lat' dir='ltr'>ud</span> <span class='ocrx_word' id='word_1_240' title='bbox 922 4394 1019 4468; x_wconf 89' lang='lat' dir='ltr'>quam</span> <span class='ocrx_word' id='word_1_241' title='bbox 1046 4374 1143 4442; x_wconf 85' lang='lat' dir='ltr'>etiarn</span> <span class='ocrx_word' id='word_1_242' title='bbox 1169 4392 1258 4443; x_wconf 90' lang='lat' dir='ltr'>nunc</span> <span class='ocrx_word' id='word_1_243' title='bbox 1284 4369 1389 4443; x_wconf 89' lang='lat' dir='ltr'>studia</span> <span class='ocrx_word' id='word_1_244' title='bbox 1416 4379 1531 4443; x_wconf 89' lang='lat' dir='ltr'>nostra</span> <span class='ocrx_word' id='word_1_245' title='bbox 1556 4378 1632 4443; x_wconf 92' lang='lat' dir='ltr'>sunt</span> <span class='ocrx_word' id='word_1_246' title='bbox 1657 4369 1839 4464; x_wconf 85' lang='lat' dir='ltr'>dirigenda.</span> 
     </span>
    </p>
   </div>
   <div class='ocr_carea' id='block_1_5' title="bbox 262 4564 675 4586">
    <p class='ocr_par' dir='ltr' id='par_1_9' title="bbox 262 4564 675 4586">
     <span class='ocr_line' id='line_1_27' title="bbox 262 4564 675 4586; baseline -0.002 0"><span class='ocrx_word' id='word_1_247' title='bbox 262 4564 675 4586; x_wconf 51' lang='grc' dir='ltr'>Ἡ</span> 
     </span>
    </p>
   </div>
   <div class='ocr_carea' id='block_1_6' title="bbox 347 4692 1895 4775">
    <p class='ocr_par' dir='ltr' id='par_1_10' title="bbox 347 4692 1895 4775">
     <span class='ocr_line' id='line_1_28' title="bbox 347 4692 1895 4775; baseline -0.002 -19"><span class='ocrx_word' id='word_1_248' title='bbox 347 4692 380 4774; x_wconf 76' lang='lat'>⁸)</span> <span class='ocrx_word' id='word_1_249' title='bbox 404 4699 513 4756; x_wconf 86' lang='lat' dir='ltr'>Glossa</span> <span class='ocrx_word' id='word_1_250' title='bbox 543 4699 581 4755; x_wconf 89' lang='lat' dir='ltr'>ad</span> <span class='ocrx_word' id='word_1_251' title='bbox 611 4699 704 4759; x_wconf 82' lang='lat' dir='ltr'>Clam.</span> <span class='ocrx_word' id='word_1_252' title='bbox 729 4702 746 4755; x_wconf 68' lang='grc' dir='ltr'>ἱ)</span> <span class='ocrx_word' id='word_1_253' title='bbox 768 4700 809 4755; x_wconf 88' lang='lat' dir='ltr'>lib</span> <span class='ocrx_word' id='word_1_254' title='bbox 831 4698 856 4775; x_wconf 66' lang='grc' dir='ltr'>ἓ.</span> <span class='ocrx_word' id='word_1_255' title='bbox 884 4701 910 4759; x_wconf 91' lang='grc'>1.</span> <span class='ocrx_word' id='word_1_256' title='bbox 934 4716 957 4757; x_wconf 93' lang='lat' dir='ltr'>s.</span> <span class='ocrx_word' id='word_1_257' title='bbox 979 4716 1007 4759; x_wconf 78' lang='lat' dir='ltr'>v.</span> <span class='ocrx_word' id='word_1_258' title='bbox 1038 4698 1211 4756; x_wconf 81' lang='lat' dir='ltr'>doctoratus</span> <span class='ocrx_word' id='word_1_259' title='bbox 1233 4697 1458 4754; x_wconf 85' lang='lat' dir='ltr'>Ultramontani</span> <span class='ocrx_word' id='word_1_260' title='bbox 1482 4696 1737 4755; x_wconf 79' lang='lat' dir='ltr'>etCitramontani</span> <span class='ocrx_word' id='word_1_261' title='bbox 1760 4698 1792 4753; x_wconf 87' lang='lat' dir='ltr'>in</span> <span class='ocrx_word' id='word_1_262' title='bbox 1822 4716 1895 4753; x_wconf 92' lang='lat' dir='ltr'>om-</span> 
     </span>
    </p>
   </div>
   <div class='ocr_carea' id='block_1_7' title="bbox 245 4800 587 4860">
    <p class='ocr_par' dir='ltr' id='par_1_11' title="bbox 245 4800 587 4860">
     <span class='ocr_line' id='line_1_29' title="bbox 245 4800 587 4860; baseline 0.003 -2"><span class='ocrx_word' id='word_1_263' title='bbox 245 4800 333 4858; x_wconf 88' lang='lat' dir='ltr'>nibus</span> <span class='ocrx_word' id='word_1_264' title='bbox 355 4802 445 4858; x_wconf 90' lang='lat' dir='ltr'>rebus</span> <span class='ocrx_word' id='word_1_265' title='bbox 467 4801 587 4860; x_wconf 88' lang='lat' dir='ltr'>diversi.</span> 
     </span>
    </p>
   </div>
   <div class='ocr_carea' id='block_1_8' title="bbox 346 4898 1008 5084">
    <p class='ocr_par' dir='ltr' id='par_1_12' title="bbox 346 4898 1008 5084">
     <span class='ocr_line' id='line_1_30' title="bbox 346 4898 1008 4980; baseline -0.003 -15"><span class='ocrx_word' id='word_1_266' title='bbox 346 4898 401 4980; x_wconf 48' lang='grc' dir='ltr'>Μ’)</span> <span class='ocrx_word' id='word_1_267' title='bbox 422 4906 574 4963; x_wconf 88' lang='lat' dir='ltr'>bachelier</span> <span class='ocrx_word' id='word_1_268' title='bbox 597 4926 615 4963; x_wconf 86' lang='lat' dir='ltr'><strong>c</strong></span> <span class='ocrx_word' id='word_1_269' title='bbox 636 4907 760 4964; x_wconf 84' lang='lat' dir='ltr'>bataille</span> <span class='ocrx_word' id='word_1_270' title='bbox 782 4938 823 4950; x_wconf 94' lang='grc'><strong>-</strong></span> <span class='ocrx_word' id='word_1_271' title='bbox 847 4905 1008 4964; x_wconf 83' lang='lat' dir='ltr'>derivatur.</span> 
     </span>
     <span class='ocr_line' id='line_1_31' title="bbox 347 5002 790 5084; baseline 0.002 -15"><span class='ocrx_word' id='word_1_272' title='bbox 347 5002 421 5084; x_wconf 62' lang='lat' dir='ltr'>m)</span> <span class='ocrx_word' id='word_1_273' title='bbox 443 5010 537 5084; x_wconf 87' lang='lat' dir='ltr'>praef.</span> <span class='ocrx_word' id='word_1_274' title='bbox 560 5010 598 5067; x_wconf 91' lang='lat' dir='ltr'>ad</span> <span class='ocrx_word' id='word_1_275' title='bbox 620 5014 790 5070; x_wconf 84' lang='lat' dir='ltr'>Decretum.</span> 
     </span>
    </p>
   </div>
   <div class='ocr_carea' id='block_1_9' title="bbox 859 5196 1272 5209">
    <p class='ocr_par' dir='ltr' id='par_1_13' title="bbox 859 5196 1272 5209">
     <span class='ocr_line' id='line_1_32' title="bbox 859 5196 1272 5209; baseline -0.01 0"><span class='ocrx_word' id='word_1_276' title='bbox 859 5196 1272 5209; x_wconf 48' lang='grc' dir='ltr'>..Ψ-...-</span> 
     </span>
    </p>
   </div>
   <div class='ocr_carea' id='block_1_10' title="bbox 0 0 2392 6150">
    <p class='ocr_par' dir='ltr' id='par_1_14' title="bbox 0 0 2392 6150">
     <span class='ocr_line' id='line_1_33' title="bbox 0 0 2392 6150; baseline 0 1"><span class='ocrx_word' id='word_1_277' title='bbox 0 0 2392 6150; x_wconf 95' lang='lat' dir='ltr'> </span> 
     </span>
    </p>
   </div>
  </div>
 </body>
</html>
