4775 6150
1336 757 1360 831 6

519 1017 541 1075 e
565 1000 731 1094 magistris
756 994 958 1074 sumebatur·
998 995 1229 1098 Universitatis
1254 1021 1312 1074 res
1337 1010 1497 1078 emanas
1520 1002 1673 1098 politicas
1699 1015 1733 1079 at
1767 1013 2014 1082 oeconomicus·
2028 1009 2175 1104 curabat,

520 1133 695 1231 ordinique
728 1134 911 1210 licentiatus
958 1136 1163 1233 impetrando
1199 1147 1353 1234 praeerat
1393 1135 1722 1236 cancellarius,
1750 1144 1946 1241 plerumque
1972 1146 2171 1244 Archiepis-

519 1293 625 1369 ccpns
650 1271 830 1366 Pragensis
855 1272 931 1346 inde
958 1297 979 1346 a
1006 1272 1184 1350 Clementis
1211 1275 1269 1350 Vl.
1295 1275 1507 1374 temporibus.

624 1410 719 1499 Quod
746 1413 787 1484 ad
814 1412 947 1486 modum
962 1415 1098 1488 vivendi
1123 1417 1248 1506 attinet,
1273 1419 1424 1510 magistri
1450 1425 1485 1490 et
1510 1417 1680 1492 scholares
1692 1423 1871 1516 praecipue
1896 1424 1931 1492 ia
1955 1419 2057 1494 rebus
2069 1421 2172 1496 fumi·-

518 1549 653 1624 haribus
692 1571 754 1645 per
788 1554 937 1623 nationes
965 1550 1062 1624 divisi
1095 1562 1208 1640 erant,
1248 1563 1389 1647 quatuor
1422 1559 1456 1627 in
1481 1554 1644 1650 Progensi
1678 1567 1712 1628 et
1736 1556 1940 1650 Viennensi3
1974 1563 2008 1632 in
2032 1560 2174 1635 Heidel-

519 1686 697 1782 borgensi,
724 1710 805 1783 quos
831 1692 952 1764 institui
979 1691 1131 1763 voluerat
1155 1689 1344 1786 Repertus,
1372 1715 1434 1766 eae
1460 1716 1629 1789 nunqrmm
1656 1694 1763 1769 locem
1788 1695 1954 1770 viderunt

621 1963 689 2036 Vix
715 1965 780 2038 ulla
806 1987 869 2060 per
894 1960 1104 2037 Germaniam
1130 1968 1295 2060 reperitur
1320 1966 1455 2059 schola,
1480 1971 1515 2041 in
1542 1992 1606 2063 qna
1627 1993 1711 2066 quas
1724 1974 1837 2062 vices,
1863 1993 1949 2065 quae
1974 1970 2043 2044 fata
2068 1996 2169 2068 passa

518 2105 584 2178 sint
610 2101 779 2174 doctrinae
806 2100 932 2192 studia,
967 2101 1084 2175 melius
1119 2123 1327 2194 cognoscere
1363 2106 1550 2200 pessimus,
1585 2129 1683 2200 mam
1719 2111 1753 2180 in
1779 2107 2004 2183 Universitate
2031 2108 2171 2182 Heidel-

516 2238 693 2334 bergensi,
720 2260 783 2311 nec
810 2242 926 2312 mirum
951 2239 1026 2312 inde
1052 2261 1162 2336 neque
1187 2240 1342 2315 fortunae
1368 2246 1461 2316 casui
1488 2241 1717 2336 tribuendum,
1744 2245 1831 2339 qnod
1858 2245 2007 2320 omnibus
2033 2257 2170 2343 tempo-

516 2377 607 2452 ribus
634 2377 837 2452 Academiae
862 2377 1155 2472 Heidelbergensis
1182 2389 1272 2454 tanta
1303 2380 1364 2455 fnit
1398 2384 1452 2456 vis
1489 2392 1588 2476 atque
1625 2388 1822 2457 auotoritas:
1857 2390 1980 2481 optime
2011 2385 2046 2458 id
2081 2409 2172 2480 cog·-

517 2519 613 2590 nesci
639 2519 761 2611 poterit
786 2539 832 2588 ex
854 2516 1128 2590 documentorum
1140 2521 1236 2615 copia
1250 2517 1358 2590 adhuc
1371 2523 1547 2616 superstite
1574 2542 1772 2616 omnemque
1784 2521 1988 2596 Academiae
2001 2521 2170 2598 historiam

516 2657 639 2728 eximie
664 2656 855 2730 illustrante.

619 2789 721 2887 Cujus
747 2793 917 2866 historiam
942 2796 970 2866 si
997 2803 1203 2889 spectamus,
1230 2801 1298 2868 tres
1324 2794 1452 2889 periodi
1478 2794 1632 2890 distingui
1656 2805 1829 2891 poterunt:

623 2927 667 3026 l)
693 2936 797 3029 prima
833 2931 909 3004 inde
936 2931 978 3004 ab
1012 2953 1098 3004 anno
1134 2930 1307 3004 millesimo
1342 2936 1575 3005 trecentesimo
1612 2935 1819 3026 octogesimo
1852 2943 1950 3006 sexte
1988 2956 2093 3027 usque
2128 2932 2171 3006 ad

514 3097 634 3156 anuum
661 3071 868 3145 millesimum
894 3073 1190 3165 quingentesimum
1216 3073 1520 3166 qoinquagesimum
1556 3081 1828 3166 octavum—quo
1855 3094 1942 3145 anno
1970 3071 2046 3145 Otto
2073 3070 2171 3143 llen·

513 3216 603 3285 ricus
630 3210 907 3300 Universttatem,
948 3231 1033 3303 quae
1059 3229 1164 3303 usque
1191 3208 1233 3281 ad
1259 3210 1324 3281 boc
1349 3219 1477 3305 tempus
1511 3209 1612 3283 medii
1645 3214 1723 3283 aevi
1750 3214 1892 3283 instituta
1926 3232 2009 3306 pure
2044 3232 2171 3304 seque-

516 3349 632 3441 batur,
658 3348 864 3423 reformavit

617 3486 656 3573 2)
686 3486 801 3559 Altera
839 3483 996 3581 periodus
1027 3504 1133 3594 usque
1167 3483 1210 3555 ad
1245 3507 1365 3557 annum
1400 3483 1609 3557 millesimum
1645 3488 1970 3581 septingentesimum
2006 3491 2169 3581 quintum:

511 3626 562 3699 bis
588 3624 789 3723 temporibus
817 3645 934 3697 omnes
959 3622 1032 3695 fere
1058 3621 1251 3717 disciplinae
1276 3621 1457 3695 secundum
1478 3622 1737 3697 reformatorum
1759 3621 1944 3697 doctrinam
1969 3624 2171 3697 reformatae

511 3773 600 3839 sunt.
653 3763 690 3835 ln
711 3762 991 3859 jurisprudentia,
1031 3780 1116 3855 quae
1154 3768 1251 3833 antea
1279 3759 1363 3833 duos
1375 3760 1535 3833 habuerat
1547 3760 1721 3834 facultates
1749 3771 1782 3833 et
1810 3760 1947 3855 quidem
1973 3764 2167 3850 nouissime,

512 3907 585 3999 quia
612 3902 709 3998 plane
736 3901 799 3973 alia
826 3909 878 3973 est
912 3903 996 3971 ratio
1018 3900 1103 3991 Juris
1140 3898 1323 3988 ccclesiae,
1360 3920 1458 3993 qnam
1491 3920 1602 3971 rerum
1636 3897 1845 3994 publicarum
1880 3908 1915 3971 et
1947 3899 2166 3973 saecularium

511 4044 716 4131 constitutio,
743 4039 784 4111 ab
813 4038 933 4111 Ottonc
958 4038 1103 4109 Henrico
1130 4038 1311 4109 institutum
1336 4043 1404 4124 est,
1444 4045 1478 4107 nt
1505 4058 1570 4107 una
1598 4044 1721 4108 tantum
1749 4047 1939 4110 remaneret
1972 4037 2166 4131 legistarum

509 4176 669 4269 facultas,
706 4177 815 4250 addito
851 4198 917 4249 unc
943 4174 1080 4249 doctore
1116 4172 1329 4246 decretalium
1363 4176 1458 4267 quasi
1493 4172 1692 4269 professore
1732 4177 1811 4246 artis
1841 4173 2036 4266 judiciariae
2068 4172 2168 4268 idque

510 4316 598 4389 idem
624 4320 790 4389 iuvenitur
817 4320 850 4388 in
876 4318 1005 4389 statutis
1030 4314 1168 4387 loannis
1196 4308 1346 4385 Omimiri
1372 4322 1471 4407 atque
1498 4307 1612 4385 Caroli
1637 4310 1809 4384 ludovici.
1859 4308 1937 4383 Nec·
1959 4311 2060 4385 ullum
2084 4314 2166 4407 qni-

511 4454 586 4527 dem
613 4454 676 4526 hoc
703 4462 853 4549 tempore
880 4454 1057 4545 vestigium
1079 4454 1240 4548 reperitur
1246 4454 1333 4543 juris
1348 4450 1565 4525 ecclesiastici
1581 4450 1855 4524 Protestantium:
1882 4449 1966 4523 adeo
1994 4453 2168 4525 interierat

511 4596 619 4669 omnis
646 4595 744 4685 vigor
770 4593 851 4683 juris
878 4585 1090 4685 canonici.*)

613 4773 647 4857 ⁶)
668 4780 839 4839 H‘auaser
874 4781 906 4837 in
942 4796 1038 4854 opere·
1070 4776 1215 4837 historiae
1243 4778 1404 4835 Palatinae
1439 4778 1499 4837 voh
1534 4776 1574 4835 II.
1603 4795 1633 4853 p.
1666 4778 1736 4836 hoe.
1766 4777 1805 4835 de
1832 4776 1892 4835 hau
1919 4793 1953 4835 re
1983 4777 2061 4834 haec
2092 4775 2164 4832 elo-

509 4886 625 4961 quitur:
651 4885 717 4963 „fitr
738 4883 787 4943 die
807 4883 1024 4959 Jnaisprudena
1046 4900 1113 4942 war
1136 4884 1211 4943 eben
1232 4899 1267 4941 so
1300 4880 1447 4942 reinblioh
1469 4885 1606 4959 gesorgq
1626 4898 1718 4941 wenn
1744 4895 1816 4940 man
1836 4878 1891 4938 des
1919 4897 1960 4939 aa
1986 4882 2165 4957 protestan-

505 4988 625 5048 tischen
646 4987 873 5046 Universithton
894 4986 1009 5047 dannaia
1032 4993 1128 5047 atroam
1149 4986 1413 5063 vunechmsstgte
1433 4984 1657 5047 Kirchenrecbt
1684 4984 1738 5044 der
1759 4984 1947 5043 Kathclilren
1968 4976 2160 5043 anenimmt.“
