4775 6150
1074 819 1097 889 9

255 1061 343 1129 ratio
370 1055 617 1150 Heidelbergae
643 1056 751 1129 habita
787 1068 857 1146 est,
891 1061 925 1131 in
961 1061 1089 1130 statutis
1123 1068 1232 1152 autern
1259 1067 1388 1130 cautum
1415 1067 1507 1146 orat,
1541 1068 1594 1146 ut,
1628 1079 1702 1128 corn
1737 1058 1856 1151 legista
1886 1061 1920 1130 in

259 1195 415 1266 facultate
443 1194 595 1283 deesset,
622 1197 655 1265 in
683 1192 889 1267 examinibus
915 1206 948 1266 et
974 1193 1237 1290 promotionibus
1265 1193 1382 1266 doctor
1410 1195 1466 1267 vel
1492 1195 1675 1268 licentiatus
1702 1197 1783 1286 juris
1810 1196 1918 1268 civilis

259 1343 504 1422 arcesserem,
534 1333 641 1405 donec
667 1332 807 1404 facultas
835 1332 892 1403 vel
919 1331 980 1402 hac
1007 1335 1135 1404 ratione
1163 1331 1260 1428 plena
1288 1340 1378 1401 essct
1405 1329 1502 1402 iacta.
1683 1300 1687 1308 Ι

363 1470 541 1543 Scholares
580 1473 612 1540 in
641 1468 749 1541 bursis
786 1467 992 1558 babitabant,
1028 1467 1070 1540 de
1106 1491 1242 1561 quarum
1270 1470 1458 1540 visitatione
1492 1471 1687 1562 praesertim
1722 1491 1783 1565 per
1818 1469 1920 1541 horas

258 1617 437 1681 nocturnas
465 1607 558 1704 plura
585 1610 618 1679 in
652 1603 775 1678 Codice
789 1607 1000 1678 inveniuntur
1026 1615 1162 1689 statuta,
1191 1609 1265 1699 quia
1292 1603 1464 1677 bursarum
1478 1610 1656 1701 praepositi
1684 1606 1783 1679 multa
1809 1607 1920 1679 celare

261 1743 425 1817 solebant.

364 1879 430 1952 Per
463 1890 566 1952 totum
611 1881 685 1954 iere
733 1881 873 1954 medium
924 1903 1043 1955 aevum
1085 1903 1178 1954 more
1226 1884 1360 1975 antiquo
1407 1881 1522 1953 literae
1558 1880 1787 1953 tractabantur.
1860 1882 1921 1953 lus

260 2018 464 2090 Canonicum
492 2017 663 2090 colebatur
688 2029 841 2114 {anquam
856 2022 1019 2114 antiquum
1035 2042 1141 2113 aeque
1156 2028 1255 2115 atque
1269 2043 1411 2093 novum:
1439 2043 1519 2092 mox
1538 2041 1622 2092 vero
1649 2020 1817 2093 decretum
1845 2043 1920 2092 curn

260 2155 417 2252 paulatim
430 2159 463 2227 in
492 2155 739 2229 desuetudinem
767 2155 920 2246 abiisset,
947 2158 998 2246 jus
1021 2155 1232 2228 decretalium
1247 2161 1385 2252 primum
1400 2157 1538 2229 obtinuit
1549 2157 1674 2246 locum,
1695 2159 1918 2251 conjungique

261 2317 336 2365 curn
367 2317 409 2366 eo
436 2305 552 2392 coepta
580 2304 632 2367 est
658 2295 791 2366 historia
820 2295 1042 2366 ecclesiastica
1070 2294 1232 2390 simulque
1259 2299 1356 2367 etiarn
1378 2297 1435 2387 jus
1457 2295 1658 2367 Canonicum
1684 2298 1718 2365 in
1745 2294 1815 2366 dies
1841 2317 1920 2366 ma-

259 2433 369 2524 jurem
399 2435 466 2506 virn
494 2437 618 2528 accepit
645 2436 678 2505 in
714 2453 895 2530 processo,
922 2431 1154 2506 accedentibus
1181 2436 1402 2529 practicorum
1428 2435 1598 2505 sententiis
1623 2430 1699 2503 inde
1725 2456 1745 2503 a
1772 2431 1918 2504 Durandi

261 2578 381 2642 aetate.
432 2569 590 2640 Paulatim
604 2569 743 2664 legistae
761 2569 820 2642 sed
834 2573 939 2643 rarius
954 2573 985 2642 in
1000 2570 1198 2662 Germania,
1226 2594 1321 2664 quam
1347 2572 1380 2641 in
1402 2569 1492 2642 ltalia
1520 2579 1552 2640 et
1579 2567 1684 2640 Gallia
1710 2571 1917 2661 exoriuntur,

260 2711 457 2802 pracsertim
485 2709 516 2779 in
557 2706 759 2798 Palatinam,
804 2732 877 2781 curn
904 2712 1068 2806 principes
1095 2710 1233 2782 Palatini
1260 2706 1410 2779 crebrius
1438 2709 1693 2797 constituerent,
1729 2716 1809 2779 uta
1840 2710 1917 2798 jure

262 2843 451 2939 particulari
478 2865 586 2940 eoque
612 2846 708 2918 solito
736 2846 886 2919 standum
914 2855 1022 2936 esset,
1055 2849 1099 2918 ita
1141 2854 1177 2917 ut
1212 2867 1328 2917 omnes
1376 2845 1485 2917 iontes
1515 2847 1600 2937 juris
1636 2844 1722 2917 illius
1757 2849 1917 2941 temporis

262 2978 320 3052 vel
347 2982 379 3052 in
402 2971 479 3071 jure
507 2979 676 3055 canonico
704 2983 757 3054 vel
785 2984 971 3080 particulari
998 2983 1198 3056 Germanico
1216 2981 1477 3079 reperianturf)
1532 2982 1693 3069 Quoniam
1722 3003 1805 3054 vero
1831 3004 1917 3080 pro-

262 3118 436 3211 grediente
459 3122 544 3211 juris
570 3124 705 3193 scientia
733 3120 913 3193 secundum
966 3120 1139 3194 Bartoli
1166 3126 1328 3194 rationem
1354 3130 1388 3193 et
1405 3124 1542 3194 serioris
1555 3126 1630 3193 aevi
1644 3121 1742 3194 medii
1755 3124 1917 3194 rationem

259 3257 315 3346 jus
341 3255 585 3351 quodammodo
613 3280 787 3331 commune
815 3262 907 3353 quusi
933 3261 1069 3331 mixtum
1096 3281 1142 3331 ex
1175 3262 1249 3352 jure
1274 3259 1426 3333 Romano
1461 3268 1495 3331 ct
1521 3258 1691 3333 Canonico
1726 3257 1916 3351 colebatur,

261 3401 331 3465 tres
356 3397 389 3465 in
417 3394 642 3467 Universitate
669 3396 877 3491 professores
905 3400 1007 3468 creati
1033 3406 1126 3485 sont,
1163 3393 1317 3486 Codicis,
1352 3395 1591 3470 institutionum
1618 3396 1916 3469 etPendectarnm.

366 3528 490 3617 Quibus
518 3530 560 3603 de
589 3530 708 3621 rebus,
736 3554 834 3627 quum
861 3532 990 3605 abunde
1017 3534 1203 3627 expositum
1230 3538 1271 3605 sit
1297 3558 1317 3607 a
1344 3534 1504 3608 celeberr.
1558 3532 1814 3630 Wuudtio‚**)
1850 3534 1916 3608 hoc

261 3668 338 3740 loco
364 3667 511 3765 pluribus
539 3692 643 3761 agere
670 3670 755 3742 baud
782 3674 1005 3743 necessarium
1033 3692 1109 3744 esse
1137 3671 1277 3744 videtur.

365 3803 483 3899 Neque
510 3805 575 3877 alio
603 3805 702 3880 modo
728 3817 817 3878 artes
844 3808 886 3878 ad
913 3811 1071 3880 rationem
1100 3811 1266 3904 antiquam
1294 3820 1329 3881 et
1353 3808 1483 3881 solitam
1511 3807 1753 3899 tractabantur,
1788 3812 1916 3906 ipsique

263 3940 497 4015 Jurisconsulti
524 3948 673 4037 magistri
701 3946 817 4016 artium
844 3964 976 4040 quoque
1002 3966 1079 4019 esse
1106 3945 1311 4037 maluerunt,
1337 3967 1404 4017 uon
1431 3945 1536 4019 solum
1562 3944 1697 4018 honoris
1732 3956 1766 4018 et
1799 3956 1917 4018 recto-

366 4293 400 4379 ')
422 4303 563 4361 Httilar
591 4305 624 4360 in
651 4305 727 4363 libro
767 4304 938 4383 „Rupertus
960 4306 1124 4364 Palatinus.
1146 4305 1300 4383 Priburgi,
1326 4307 1419 4367 1861.
1440 4322 1511 4382 pag.
1551 4308 1621 4367 129.
1649 4308 1704 4363 not
1727 4305 1754 4361 3.
1783 4304 1910 4378 profert:

259 4423 338 4479 haee
377 4423 442 4500 „Du
471 4423 557 4480 Laud
586 4422 648 4481 und
677 4424 794 4483 Lautam
824 4442 883 4482 von
919 4423 988 4482 dem
1023 4426 1290 4483 Kaiserreeht
1325 4442 1447 4503 grosser
1473 4425 1613 4484 Schaden
1641 4426 1795 4503 begegnet
1821 4432 1907 4483 witra

260 4540 322 4598 und
344 4542 422 4599 noch
445 4542 639 4619 beversteha‚
670 4562 703 4601 so
735 4544 826 4601 wolle
849 4562 881 4601 er
910 4544 1054 4621 (Rupert)
1084 4544 1153 4603 dass
1180 4546 1379 4604 besohrieben
1412 4547 1530 4603 Rechts
1557 4564 1669 4603 unsarn
1696 4544 1836 4603 Lttndsru
1866 4564 1915 4603 arn

260 4661 359 4718 Rhein
382 4662 495 4720 wieder
517 4664 613 4720 sollen
633 4664 829 4721 bosohrieban
852 4666 949 4741 geben
971 4666 1096 4724 uuerden
1116 4668 1148 4723 in
1171 4667 1321 4743 Biichern,
1344 4667 1415 4725 dass
1425 4668 1489 4725 sich
1510 4684 1601 4725 unser
1616 4666 1705 4725 Stude
1725 4665 1787 4724 und
1803 4664 1915 4723 Ddrl'er

261 4782 394 4839 dornach
417 4782 574 4859 gerichten
595 4788 714 4860 mogon.
741 4786 870 4862 „Tolner
891 4787 961 4843 hist.
990 4786 1089 4864 palat,
1114 4805 1175 4861 qua
1203 4806 1276 4845 vero
1298 4786 1438 4864 docetur,
1466 4787 1558 4844 belem
1578 4786 1686 4843 librum
1713 4787 1794 4845 nullo
1824 4785 1914 4843 modo

261 4919 328 4960 csse
349 4904 525 4978 perfectum.
571 4904 666 4981 (Malo
687 4904 728 4962 ibi
751 4907 859 4963 citatur
882 4904 947 4965 doc.
969 4908 1128 4965 Lxxxt'.
1151 4927 1207 4983 pro
1230 4906 1451 4982 Lxxxtm)

365 5018 419 5099 ’ἢ
442 5027 627 5103 Programm.
651 5026 689 5084 de
712 5028 828 5104 origine
858 5034 887 5084 eb
908 5045 1071 5105 progressu
1099 5029 1254 5087 tenuantis
1273 5027 1421 5103 juridicus
1446 5030 1479 5085 in
1501 5025 1596 5088 Aesd.
1625 5027 1760 5188 Helgelb.
1784 5044 1853 5101 pag.
1876 5025 1912 5082 V.
