4775 6150
1047 815 1072 888 7

332 1051 379 1150 3)
406 1055 518 1129 Tertio
544 1057 702 1154 periodos
728 1077 834 1152 nsque
861 1053 903 1130 ni
929 1066 1078 1132 nostrum
1105 1065 1257 1130 rstnoenr.
1307 1056 1399 1130 turo
1416 1059 1567 1131 onnoniei
1583 1056 1690 1132 stnffir
1715 1065 1880 1133 revoosts

231 1194 362 1290 qudem
389 1203 484 1285 sunt,
510 1195 571 1268 sed
597 1218 665 1269 non
691 1195 904 1270 rohrbiiitotu.
957 1197 1012 1269 Ao
1037 1203 1107 1269 rora
1132 1195 1249 1270 horum
1276 1194 1460 1270 studiorum
1493 1199 1580 1271 ratio
1605 1206 1803 1270 oonnutetu
1829 1205 1883 1272 est

227 1332 305 1407 indo
330 1332 372 1406 ab
398 1353 486 1408 anno
512 1333 689 1408 millesimo
717 1336 990 1428 octingentesimo
1016 1338 1134 1426 tertio,
1162 1357 1229 1432 quo
1256 1332 1397 1409 (ierolos
1417 1333 1606 1409 Fridoricns
1630 1337 1704 1431 ipse
1728 1331 1884 1410 Univer-

227 1475 357 1546 nutem
382 1475 541 1564 restitnit,
568 1473 625 1547 vel
650 1493 740 1548 nova
766 1475 870 1570 ipsius
894 1481 1013 1546 statuto
1040 1471 1149 1545 edidit.

825 1857 1004 1970 Primo
1037 1857 1288 2005 periodus

581 2077 615 2146 in
642 2096 706 2172 qun
733 2076 863 2169 antiqno
890 2074 1071 2148 studiorum
1098 2075 1207 2148 formo
1235 2083 1434 2148 conservato
1460 2069 1531 2145 init.

327 2279 421 2354 Hono
445 2283 653 2377 potissimum
679 2278 774 2354 nobis
799 2289 876 2354 snnt
902 2280 1133 2376 respiciendo:

327 2415 368 2512 a]
395 2417 551 2492 ioetoros
577 2419 807 2513 submagistri
834 2429 867 2491 et
893 2421 978 2492 ratio
1003 2418 1209 2510 studiorum,

326 2554 371 2652 b]
396 2558 567 2632 scholares
593 2567 627 2632 et
653 2559 901 2653 promotiones,

327 2690 368 2790 o)
394 2697 544 2788 reginen
569 2693 822 2786 Universitotis‚
1139 2757 1144 2770 .

325 2829 368 2928 d)
394 2831 489 2925 libri,
525 2831 642 2928 quihus
676 2841 745 2906 tnnr
779 2833 821 2906 od
847 2831 954 2906 studio
989 2829 1129 2906 colenda
1154 2829 1349 2921 utebantur,
1384 2828 1427 2903 oie
1462 2851 1527 2925 nnn
1560 2852 1600 2904 re
1633 2828 1733 2904 mutto
1766 2852 1875 2928 eoque

221 2975 361 3068 egregio
386 2974 599 3046 inveniuntur
624 2970 741 3045 tradita
766 2974 801 3043 in
829 2967 879 3054 00,
899 2967 973 3044 MS·
1000 2969 1234 3043 Universitntis
1259 2977 1398 3042 nostroe
1423 2975 1504 3042 tom.
1528 2968 1554 3043 L
1580 2967 1768 3044 Annoiinnn

326 3110 420 3197 Quae
445 3118 643 3201 tractantes,
669 3132 733 3184 nos
760 3108 1002 3184 eontinehimns
1026 3111 1061 3181 in
1086 3108 1147 3198 iis,
1185 3128 1272 3201 quus
1306 3105 1348 3180 ai
1382 3106 1671 3205 jurisprudentionr
1705 3112 1874 3207 pertinent

268 3326 270 3333 ,
326 3247 473 3321 Fuerunt
498 3256 623 3320 tantum
649 3246 805 3321 doctores
831 3246 1061 3335 decretorum,
1086 3248 1205 3340 jusque
1217 3248 1520 3341 eononionnrqussi
1544 3250 1677 3320 uncum
1703 3248 1882 3345 etquidem

222 3406 398 3458 eommune
423 3382 605 3457 habebatur
629 3406 691 3481 per
716 3381 856 3457 Gallium
893 3404 1001 3479 aequm
1027 3391 1126 3477 utque
1161 3404 1224 3479 per
1251 3382 1473 3458 Germaniam.
1523 3383 1617 3481 Bene
1651 3388 1742 3459 eninr
1774 3386 1881 3460 neela

222 3522 396 3613 leserunt,
421 3524 458 3594 in
482 3520 628 3594 Dwreto
654 3518 802 3596 Grnhrni
827 3542 896 3595 non
923 3522 1033 3595 solum
1055 3524 1140 3615 juris
1157 3522 1315 3595 naturalis
1327 3521 1577 3596 fundumentum
1594 3544 1641 3596 ex
1662 3525 1739 3615 juro
1764 3522 1879 3597 divino

222 3664 314 3756 quusi
349 3659 502 3733 traditum
538 3659 595 3733 vel
629 3671 770 3735 sumtum
803 3670 838 3734 et
873 3660 1078 3751 densatum,
1114 3660 1178 3733 sed
1212 3664 1368 3734 notiones
1406 3684 1538 3757 quoque
1572 3662 1773 3757 regulusque
1794 3664 1880 3754 juro

220 3796 365 3869 Romani
390 3802 541 3895 reperiri.
592 3797 628 3871 id
656 3820 741 3873 vero
766 3808 883 3871 nostro
916 3807 1066 3894 tompore
1092 3810 1161 3872 non
1187 3798 1296 3871 solnm
1322 3802 1357 3873 in
1386 3795 1512 3874 Codice
1544 3800 1673 3878 Gallico
1714 3805 1879 3899 reperitur

220 3934 282 4010 sed
307 3956 369 4031 per
394 3946 498 4009 totum
516 3934 631 4009 orbem
648 3941 877 4032 cognoscitur}
927 3937 979 4010 De
993 3935 1054 4010 bac
1067 3958 1106 4009 re
1131 3940 1153 4009 i.
1180 3956 1210 4008 e.
1237 3936 1280 4009 de
1301 3941 1358 4028 vi,
1384 3937 1506 4011 ombitn
1530 3947 1565 4009 et
1590 3942 1785 4012 auctoritate
1810 3947 1878 4012 tum

216 4072 301 4163 juris
328 4075 481 4145 erronei
507 4095 604 4168 quam
636 4076 720 4166 juris
745 4074 888 4147 Romani
922 4083 1061 4147 testator
1087 4070 1272 4149 Cordihniis
1303 4074 1481 4151 Wieernan
1515 4081 1570 4152 vir
1604 4077 1809 4151 doctissimus
1843 4081 1879 4150 in

220 4208 452 4283 dissertatione
478 4234 567 4283 nuno
593 4210 683 4284 edita
715 4211 927 4286 deecclesia
960 4222 998 4285 et·
1020 4216 1168 4289 scientio.
1176 4214 1212 4300 ¹¹)
1267 4210 1367 4285 Alios
1402 4231 1458 4287 res
1475 4222 1478 4225 ’
1488 4216 1574 4308 juris
1608 4214 1879 4312 relinquebantur

223 4348 512 4422 consuetudinibus
539 4348 752 4445 moribusque
777 4352 980 4447 singulorum
1006 4355 1151 4448 gentium
1179 4362 1214 4423 et
1239 4354 1420 4429 nutrium

326 4666 468 4750 ⁸)Heoo
498 4676 593 4734 oratio
615 4676 726 4757 ¹herbita
756 4681 802 4735 est
830 4676 978 4756 vigesimo
1007 4692 1087 4738 nono
1116 4676 1166 4735 die
1194 4676 1279 4735 Junii
1307 4676 1400 4753 hujus
1429 4680 1501 4735 anni
1528 4674 1672 4754 hundini,
1702 4694 1771 4735 enm
1792 4674 1876 4736 doeti

222 4792 346 4870 quidum
366 4794 623 4873 coniungerentur
643 4796 887 4875 insonaturum,
911 4815 990 4873 quse
1011 4796 1181 4874 appeliahrr
1203 4797 1358 4856 medonis
1379 4798 1534 4876 religionis
1556 4796 1733 4857 ostholiose
1777 4798 1876 4856 Mults

219 4913 271 4973 hin
292 4915 487 4990 proferuntur
510 4916 549 4975 de
569 4918 694 4994 ratione,
716 4932 795 4993 quoe
816 4918 932 4977 obtinet
952 4920 1031 4978 inter
1054 4920 1213 4981 ecelesiam
1236 4925 1267 4980 ot
1281 4922 1448 4999 scientium,
1469 4919 1755 4995 philosophiamque
1775 4936 1876 4978 nuum

219 5037 408 5097 naturalium
1242 5052 1246 5062 ’
