4775 6150
1333 785 1379 857 12

627 1025 695 1101 Sed
721 1037 798 1099 tunc
823 1027 907 1098 hacc
933 983 1118 1120 disciplina⁸
1133 1025 1227 1098 alteri
1255 1026 1370 1098 forsan
1399 1025 1579 1098 discrimini
1605 1023 1753 1118 subjecta
1770 1036 1841 1117 est,
1867 1025 1955 1120 quod
1981 1029 2034 1120 jus
2062 1027 2186 1098 eccle-

521 1168 689 1240 siasticum
715 1187 806 1235 nova
833 1168 960 1236 ratione
986 1166 1120 1235 tractari
1148 1167 1257 1258 coepit
1271 1187 1290 1236 u
1304 1164 1519 1259 scriptoribus
1532 1164 1787 1236 Protestentium
1801 1184 1899 1257 quam
1922 1163 2183 1238 Catbohcorum.

524 1303 681 1377 Bdhmeri
708 1313 742 1374 et
766 1305 868 1398 patris
896 1313 929 1375 et
955 1302 1011 1374 filii
1037 1305 1179 1393 vestigia
1207 1303 1396 1393 legentium.

627 1441 702 1514 Hoc
727 1461 812 1513 vero
840 1438 939 1512 modo
962 1443 1017 1531 jus
1037 1439 1240 1512 Canopicum
1265 1450 1420 1533 tanquam
1441 1441 1610 1534 proprium
1632 1439 1716 1528 juris
1743 1438 1910 1510 christiani
1938 1449 2085 1535 systema
2113 1462 2179 1511 re-

523 1581 616 1672 surgi
643 1589 748 1650 etex
775 1578 930 1672 sepulcro
958 1578 1051 1671 quasi
1084 1580 1240 1648 revocari
1276 1599 1342 1648 non
1375 1586 1515 1671 poterat.
1569 1573 1762 1648 Hierarchia
1796 1577 1960 1648 ecclesiae
1988 1575 2183 1649 Catholicae

524 1725 602 1788 tunc
627 1717 785 1810 temporis
812 1723 918 1786 minus
955 1711 1221 1808 cognoscebatur
1247 1724 1280 1786 et
1312 1711 1569 1805 dijudicabatur,
1606 1717 1678 1808 ipse
1713 1717 1801 1786 enim
1828 1714 2011 1788 Bohmerus
2046 1737 2182 1787 omnem

524 1855 660 1925 contulit
686 1874 823 1947 operam
848 1855 883 1924 in
910 1873 985 1922 eam
1011 1850 1108 1942 hujus
1134 1841 1329 1945 disciplinae
1364 1858 1512 1944 partem,
1549 1872 1646 1943 quam
1682 1855 1864 1923 nominavit
1894 1855 1950 1944 jus
1985 1853 2181 1948 parochiale

526 1991 789 2064 Protestautium.

627 2126 757 2200 Etenim
783 2129 834 2218 jus
862 2127 1122 2200 ecclesiasticum
1151 2129 1245 2220 quasi
1271 2129 1398 2197 interna
1424 2147 1501 2220 pars
1527 2127 1608 2218 juris
1622 2125 1743 2220 publici
1770 2125 1954 2218 subjectum
1981 2127 2060 2217 fuit,
2088 2128 2180 2221 quod

523 2288 609 2339 uero
636 2266 726 2338 nullo
753 2264 853 2336 modo
878 2263 1001 2360 pendet
1014 2287 1059 2336 ex
1072 2262 1203 2357 legibus
1217 2262 1461 2351 saecularibus,
1489 2263 1549 2336 sed
1563 2266 1839 2358 potiustanquam
1853 2265 2179 2359 theologiaexterna

525 2411 559 2474 et
580 2406 635 2496 jus
663 2403 911 2476 Christianitatis
937 2426 999 2498 per
1025 2413 1126 2475 totum
1153 2402 1269 2475 orbem
1296 2403 1446 2474 diffusum
1469 2404 1736 2476 conservandum
1764 2414 1834 2492 est,
1862 2403 1984 2497 dequo
2012 2412 2181 2477 sontem-

523 2562 607 2638 pore
634 2565 653 2612 a
680 2541 775 2613 nobis
803 2540 895 2635 plura
922 2539 1059 2612 dicenda
1086 2550 1119 2612 et
1145 2539 1342 2635 explicanda
1369 2549 1475 2611 erunt.
1527 2538 1620 2611 llaec
1657 2542 1755 2637 plane
1781 2542 1822 2613 ad
1848 2546 1978 2617 tertiam
2004 2542 2181 2636 periodum

524 2689 677 2774 spectare
704 2678 878 2768 videntur,
905 2681 938 2750 in
966 2699 1029 2771 qua
1058 2682 1242 2750 consistere
1269 2677 1385 2772 placet.

627 3056 686 3129 llis
700 3019 840 3150 denique
855 3054 1045 3148 adjiciamus
1059 3055 1221 3152 quaedam
1234 3056 1413 3151 singularia
1427 3053 1469 3128 dc
1482 3054 1688 3129 scholaribus
1703 3066 1736 3129 et
1753 3054 1962 3151 dignitatibus
1976 3057 2074 3132 medii
2088 3063 2179 3133 aevi.

628 3194 810 3267 Literarum
838 3193 963 3284 studia,
990 3194 1098 3267 medio
1126 3216 1214 3265 aevo
1242 3204 1408 3283 exeunte,
1436 3193 1544 3267 denuo
1571 3197 1604 3267 in
1629 3194 1720 3267 ltalia
1748 3192 2011 3284 efflorescentia,
2038 3196 2070 3267 id
2096 3196 2178 3268 effi-

526 3353 606 3404 cere
633 3330 814 3423 debebant,
841 3340 875 3403 ut
901 3332 1052 3405 homines
1079 3331 1120 3404 ad
1147 3353 1250 3404 veros
1276 3332 1483 3404 humanitatis
1509 3331 1619 3404 fontes
1645 3342 1865 3421 revocarent,
1892 3353 2075 3426 eorumque
2100 3339 2181 3407 ani-

524 3492 599 3544 mos
626 3474 783 3563 cujusque
809 3468 889 3541 boui
916 3481 948 3542 et
982 3474 1057 3542 ueri
1096 3491 1198 3543 sensu
1233 3467 1436 3558 imbuereut3
1471 3473 1582 3563 itaque
1616 3468 1800 3541 Bononiam
1834 3470 2028 3541 confluxere
2064 3493 2182 3546 omnes

525 3610 670 3681 omnium
697 3611 842 3701 gentium
869 3609 1036 3681 literarum
1063 3606 1220 3694 studiosi,
1248 3610 1303 3700 qui
1329 3607 1510 3679 seeundum
1537 3610 1688 3679 nationes
1715 3607 1812 3679 divisi
1838 3618 1872 3679 et
1898 3608 1964 3680 hoc
1989 3611 2179 3702 gentilitatis

524 3748 659 3820 vinculo
686 3749 851 3838 conjuncti
878 3750 939 3841 ipsi
975 3746 1122 3825 ordinem
1159 3745 1309 3818 omnibus
1345 3748 1554 3818 constitutum
1580 3745 1803 3841 sequebantur
1837 3746 1897 3818 sub
1932 3747 2031 3819 tutela
2068 3746 2178 3843 Papae

526 3895 560 3957 et
586 3886 790 3979 singularum
825 3883 972 3957 urbium:
1016 3883 1065 3956 llli
1091 3908 1129 3957 se
1156 3886 1248 3979 ipsos
1276 3882 1435 3976 regebant
1462 3881 1566 3974 adeo,
1604 3892 1639 3953 nt
1672 3904 1740 3955 non
1774 3883 1882 3955 solum
1917 3884 2083 3958 auditores
2117 3883 2179 3957 sed

526 4028 626 4097 etiam
653 4022 810 4095 docentes
837 4020 1044 4093 scholaribus
1072 4020 1376 4093 adnumerarentur.

629 4159 719 4232 ldem
755 4158 888 4231 Parisiis
923 4159 1045 4231 factum
1082 4180 1158 4231 esse
1194 4156 1365 4248 videmus,
1399 4156 1459 4229 sed
1495 4156 1539 4230 ibi
1575 4161 1725 4251 regimen
1760 4179 1866 4254 penes
1892 4158 2073 4253 Magistros
2099 4157 2180 4231 fuit:

525 4298 717 4387 scholareS,
744 4298 856 4389 quiin
882 4294 990 4368 bursis
1017 4295 1322 4389 conjungebantur,
1362 4298 1515 4387 regimini
1542 4317 1561 4366 e
1596 4316 1634 4367 se
1660 4298 1694 4366 in
1720 4292 1822 4366 rebus
1848 4294 2063 4370 familiaribus
2090 4320 2181 4370 con-

526 4440 636 4511 stituto
663 4434 803 4526 subjecti
828 4432 970 4510 fuerunt.
1022 4433 1114 4505 Haec
1139 4431 1314 4528 bursarum
1340 4435 1424 4505 ratio
1449 4434 1482 4505 in
1510 4432 1719 4506 Germaniam
1746 4433 1866 4506 deinde
1893 4456 2024 4529 quoque
2049 4457 2180 4532 propu-

526 4583 603 4667 gata
643 4576 785 4663 transiit,
825 4595 966 4666 namque
1006 4568 1229 4644 conveniebat
1268 4573 1534 4666 corporationum
1581 4582 1718 4644 naturae
1766 4593 1827 4667 per
1870 4572 2012 4645 medium
2048 4595 2170 4645 aevum

530 4709 690 4783 Conditae
716 4720 791 4781 sunt
816 4710 880 4781 hae
905 4709 1026 4782 bursae
1054 4734 1073 4782 a
1099 4710 1235 4805 singulis
1261 4708 1529 4782 benefactoribus
1557 4720 1683 4781 eertum
1708 4716 1742 4781 in
1767 4710 1884 4800 finem
1910 4710 2009 4804 idque
2035 4713 2067 4782 in
2091 4708 2180 4781 Uni-

525 4851 684 4931 versitate
710 4845 1003 4942 Heidelbergensi,
1030 4850 1063 4919 in
1090 4870 1153 4941 que
1187 4856 1355 4943 postremo
1382 4868 1498 4919 omnes
1523 4846 1646 4921 bursae
1671 4850 1705 4921 in
1731 4870 1829 4919 unam
1856 4850 2051 4940 conjunctae
2075 4851 2179 4920 inue-

526 4989 676 5078 niuntur,
703 4989 824 5082 optime
850 4985 986 5079 intelligi
1012 4994 1140 5082 potest:
1167 4995 1200 5057 et
1227 5008 1423 5080 quamquam
1448 4983 1570 5058 bursae
1596 4988 1691 5080 isque
1716 4983 1913 5058 familiarum
1952 4984 2035 5059 ordo
2080 4993 2179 5081 atque
