4775 6150
1067 781 1115 856 23

259 1035 396 1099 ventum
411 1031 444 1095 et
455 1021 738 1118 sphygmographi
754 1026 888 1095 nomine
903 1033 1139 1118 nuncupatum,
1154 1045 1240 1120 quae
1253 1034 1287 1095 et
1298 1027 1332 1096 in
1345 1024 1442 1121 pulsu
1456 1024 1613 1098 tentando
1628 1035 1661 1100 et
1673 1030 1707 1100 in
1719 1026 1843 1100 morbis
1858 1027 1915 1100 di·

259 1160 445 1256 judicandis
472 1158 643 1233 commoda
670 1159 803 1232 adferre
831 1168 950 1256 queat,
977 1163 1216 1256 experimentis
1242 1172 1388 1237 eruatur.

365 1299 583 1388 Quaestiones
611 1299 652 1370 ab
680 1297 804 1372 Ordine
831 1298 1200 1395 Philosophorum
1226 1304 1416 1396 propositae
1443 1311 1535 1374 sunt:

315 1438 348 1514 1.
375 1459 421 1508 ex
445 1437 603 1509 mathesi:

469 1574 724 1669 „Ausdehnung
751 1574 811 1646 der
836 1571 936 1647 Setae
953 1573 1036 1647 iiber
1049 1573 1316 1669 llegelschnitte,
1341 1574 1581 1648 inshesondcre
1594 1573 1788 1670 derjenigen
1801 1574 1913 1666 Sitne,

465 1713 595 1785 welche
622 1713 692 1787 sich
718 1712 778 1786 aul
801 1711 855 1784 dic
868 1711 1103 1809 Brennpunlite
1118 1711 1185 1785 und
1207 1713 1429 1809 Asymptoten
1443 1710 1624 1803 hezichen,
1651 1712 1711 1786 auf
1721 1712 1913 1809 spherische

465 1851 732 1946 hegelschniue,
759 1850 890 1924 welche
917 1849 1019 1922 durch
1054 1850 1118 1922 den
1147 1849 1274 1922 Sohnitt
1308 1853 1401 1923 einer
1425 1848 1534 1944 Kugel
1568 1854 1635 1924 und
1671 1855 1763 1924 eines
1788 1851 1912 1947 llegels

464 1992 605 2064 zwcitcr
632 1987 791 2082 Ordnung
818 1988 1011 2078 enormen,
1037 1988 1159 2061 dessen
1185 1987 1298 2084 Spitce
1324 1991 1382 2060 mit
1408 1987 1483 2060 dem
1496 1987 1703 2085 hlittelpunlrt
1730 1989 1913 2084 derKugel

465 2124 760 2202 zusammenlallt.“

312 2261 346 2337 2.
373 2287 419 2337 ex
443 2263 666 2362 philosophia:

470 2401 522 2494 „E
550 2401 692 2475 lontibus
717 2401 981 2492 demonstretur,
1008 2423 1169 2496 quaenam
1184 2402 1306 2474 fuerint
1325 2400 1551 2497 philosophiae
1564 2401 1698 2498 Epicuri
1712 2399 1909 2474 elementa.“

362 2536 629 2612 Commilitonosl
651 2542 721 2632 jam
748 2549 881 2636 apertus
909 2549 959 2612 est
986 2561 1131 2635 campus.
1184 2537 1257 2611 Nec
1285 2538 1403 2613 desunt
1429 2538 1526 2614 vohis
1549 2543 1659 2631 vires,
1685 2561 1748 2612 nec
1774 2539 1912 2612 dcerunt

257 2680 375 2750 merita
401 2675 497 2750 vobis
523 2679 681 2773 proemia.

361 2813 457 2904 Quod
491 2815 651 2911 reliquum
686 2823 757 2906 cst,
782 2823 897 2910 grates
933 2815 1164 2910 persolvamus
1191 2814 1267 2887 Deo
1310 2816 1440 2910 Optimo
1467 2813 1638 2906 Maximo,
1674 2818 1729 2909 qni
1765 2836 1909 2908 omnem,

255 2977 320 3050 qua
345 2953 466 3026 florent
491 2953 617 3042 literae,
644 2974 761 3048 pacem
788 2976 828 3024 ac
853 2957 1063 3028 securitatem
1090 2975 1151 3050 per
1176 2953 1263 3026 hunc
1301 2973 1433 3051 quoque
1463 2975 1584 3024 annum
1610 2952 1706 3026 nobis
1734 2956 1909 3026 concessit

358 3093 417 3165 Pia
442 3095 657 3189 suscipiamus
692 3101 772 3167 vota
798 3111 860 3191 pro
887 3092 1129 3167 driderico
1152 3093 1305 3190 Principe
1325 3100 1441 3165 nostro
1472 3130 1515 3141 -
1543 3114 1606 3189 pro
1626 3073 1785 3165 universa
1797 3090 1908 3163 Domo

256 3242 394 3326 angusta
439 3230 786 3325 Zaringo-Badensi:
830 3252 927 3323 quam
971 3232 1169 3305 incolumem
1212 3231 1307 3305 nohis
1341 3234 1375 3301 in
1419 3242 1589 3327 posterum
1623 3240 1789 3327 praestet,
1823 3230 1909 3302 laxit

254 3392 445 3467 supremum
472 3392 603 3445 numen.

358 3507 482 3582 Servet
494 3506 586 3581 Deus
600 3508 746 3603 Optimus
772 3507 939 3581 Maximus
954 3507 1168 3581 Academiam
1182 3518 1330 3581 nostram
1346 3529 1484 3603 eamque
1497 3510 1531 3581 in
1545 3506 1615 3581 dies
1625 3516 1753 3602 augeat.
1817 3504 1908 3583 Dixi.
