4775 6150
1090 779 1137 854 25

283 1026 363 1095 item
390 1045 456 1094 nna
480 1021 606 1094 lectura
633 1041 718 1117 qnae
744 1022 872 1118 incipit:
900 1043 1065 1094 canonum
1091 1031 1211 1096 statuta
1237 1025 1272 1094 in
1295 1025 1412 1119 papiro

283 1165 363 1233 item
389 1159 524 1234 diversa
551 1160 690 1232 collecta
716 1161 749 1231 in
777 1180 843 1231 uno
870 1159 1039 1232 volumine
1066 1160 1098 1230 in
1124 1165 1241 1257 papiro
1277 1171 1310 1233 at
1343 1163 1499 1257 incipiunt
1524 1160 1566 1236 dc
1593 1184 1658 1260 qno
1685 1163 1757 1238 vult
1784 1161 1849 1239 deo
1875 1173 1939 1240 etc

283 1302 363 1371 item
389 1320 473 1370 unus
500 1296 583 1370 liber
608 1300 640 1368 in
667 1299 803 1393 papiro,
831 1301 885 1392 qui
912 1299 1024 1391 incipit
1052 1295 1235 1390 Gregorius

284 1439 361 1508 item
388 1433 579 1527 Mandagoti
606 1438 639 1506 in
666 1455 871 1529 pergameno
898 1445 932 1507 et
957 1437 1072 1531 papiro
1098 1455 1201 1530 snper
1225 1435 1390 1508 electione
1417 1436 1547 1526 [forsan
1573 1437 1736 1513 Bernardi
1762 1438 1858 1538 Pup]

284 1575 362 1645 item
391 1571 575 1644 decretales
602 1575 725 1668 antiqui
750 1575 784 1644 in
811 1593 1015 1668 pergameno
1043 1576 1140 1667 parri
1169 1572 1294 1646 valoris

285 1715 362 1784 item
389 1711 515 1782 lectura
542 1731 643 1806 snper
669 1712 765 1781 tertio
792 1708 1003 1781 decretalium
1031 1715 1063 1778 in
1090 1713 1208 1805 papiro

284 1850 363 1920 item
390 1846 498 1920 tabula
525 1846 767 1920 distinctionum
794 1849 941 1938 magistri
969 1849 1084 1918 artium
1111 1847 1245 1919 chrici
1271 1846 1354 1943 boyt
1378 1851 1412 1919 in
1438 1869 1642 1945 pergameno

286 1989 362 2058 item
389 1985 571 2058 additiones
598 2007 698 2082 super
724 1984 859 2056 decreto
885 1987 918 2055 in
944 2006 1147 2079 pergameno
1175 1995 1209 2057 et
1234 1987 1344 2080 incipit
1371 2007 1536 2059 canormm
1560 1995 1680 2060 statuta

288 2127 365 2196 item
392 2123 476 2195 liber
502 2133 617 2196 sextus
644 2145 718 2194 cum
744 2122 857 2216 glossa
884 2122 1021 2194 loannis
1048 2120 1208 2193 Andreae

286 2264 362 2334 item
390 2261 524 2333 novella
550 2282 651 2356 super
679 2270 810 2332 sextum
838 2263 869 2331 in
895 2263 1011 2355 papiro
1040 2284 1103 2332 una
1131 2283 1205 2340 curn
1231 2259 1355 2353 regulis
1378 2261 1462 2352 juris

284 2401 364 2470 item
391 2397 657 2471 Archidiaconus
683 2419 783 2494 snper
808 2406 939 2470 sextum
967 2400 999 2468 in
1027 2418 1230 2494 pergameno

287 2539 366 2608 item
392 2546 502 2608 textus
530 2538 616 2608 sexti
643 2546 676 2606 et
701 2557 778 2631 pars
805 2535 939 2628 glossae
966 2555 1066 2630 super
1089 2543 1225 2630 ,sextum
1252 2537 1283 2607 in
1311 2534 1431 2607 eodem
1457 2536 1624 2610 volumine
1649 2538 1684 2607 in
1709 2555 1860 2632 pergam.

289 2677 368 2744 item
393 2671 657 2745 Archidiaco'nus
683 2694 786 2767 super
812 2682 942 2744 sextum
969 2675 1002 2742 in
1028 2695 1243 2767 pergameno.

288 2985 368 3054 item
394 2982 570 3079 Speculum
596 2980 767 3054 Willrelmi
793 2980 940 3053 Durandi
966 2985 999 3053 in
1026 2984 1141 3079 papiro

285 3124 365 3193 item
392 3120 569 3216 Speculum
590 3123 675 3212 juris
703 3123 735 3192 in
761 3142 965 3215 pergameno
992 3122 1083 3192 etin
1110 3119 1197 3193 bona
1222 3118 1330 3192 lormu

289 3262 367 3330 item
393 3258 568 3355 Speculum
590 3260 675 3350 juris
703 3260 737 3329 in
762 3280 967 3353 pergameno
994 3266 1028 3329 et
1053 3260 1086 3329 in
1113 3260 1231 3330 minori
1258 3256 1366 3329 forma

288 3401 366 3469 item
391 3396 518 3469 libellus
545 3398 693 3491 magistri
720 3400 836 3468 artiurn
865 3394 1023 3467 (lanfredi
1050 3404 1270 3469 commentum
1297 3418 1371 3467 cum
1398 3394 1469 3468 aliis

287 3537 365 3606 item
392 3556 517 3605 summa
545 3556 646 3606 aurea
675 3532 716 3605 de
742 3543 813 3606 arte
840 3532 1025 3606 advocandi
1051 3537 1129 3606 item
1156 3536 1190 3607 in
1215 3553 1424 3629 pergameno

284 3676 364 3744 item
391 3674 610 3767 repertorium
636 3670 808 3743 Wilhelmi
835 3669 983 3743 lturandi
1008 3673 1040 3743 in
1067 3694 1273 3768 pergameno

286 3812 364 3881 item
392 3814 608 3905 repertorium
634 3808 782 3901 ejusdem
809 3812 842 3880 in
869 3812 987 3881 minori
1012 3808 1119 3882 forma

285 3952 364 4021 item
391 3970 516 4019 summa
543 3952 692 4040 magistri
718 3947 891 4020 Ruanttni
918 3952 951 4019 in
977 3968 1180 4043 pergameno
1207 3953 1241 4015 ct
1267 3946 1379 4041 incipit
1404 3948 1654 4017 instrumentum
1680 3964 1837 4017 arrarum

285 4088 362 4157 item
390 4096 481 4158 certe
508 4085 615 4157 forme
641 4089 673 4158 in
700 4109 773 4182 pap.
799 4088 955 4182 incipiunt
980 4088 1013 4157 in
1040 4088 1173 4157 nomine
1198 4082 1331 4156 Domini
1356 4102 1452 4153 amen

286 4226 362 4295 item
390 4244 467 4317 pars
493 4224 618 4319 speculi
645 4227 677 4296 in
704 4227 822 4320 papiro

286 4366 362 4433 item
390 4384 467 4458 pars
494 4360 618 4457 speculi
641 4360 804 4453 judicialis
831 4363 863 4433 in
889 4364 1006 4458 papiro

287 4709 363 4778 item
391 4705 553 4800 digestum
581 4728 704 4777 novum
733 4708 764 4777 in
790 4725 996 4801 pergameno
1023 4713 1056 4775 ct
1081 4704 1193 4799 incipit
1219 4701 1284 4775 hoc
1309 4700 1416 4772 edicto

287 4846 365 4915 item
392 4843 502 4916 codex
529 4846 562 4915 in
590 4864 794 4939 pergameno

285 4984 364 5053 item
389 4982 533 5055 instituta
561 4983 593 5053 in
620 5003 823 5079 pergameno
