4775 6150
1061 787 1107 858 13

252 1028 340 1116 aliu,
367 1048 452 1120 quae
479 1025 519 1098 ad
548 1026 646 1099 medii
672 1030 749 1099 aevi
777 1030 924 1102 rationes
950 1024 1172 1117 accedebant,
1200 1037 1255 1100 aut
1279 1028 1355 1100 inde
1381 1026 1520 1100 deducta
1547 1037 1661 1119 erunt,
1696 1026 1909 1121 tollebantur,

251 1175 362 1238 tamen
390 1186 474 1237 mox
506 1164 709 1236 intellectum
749 1175 818 1255 est,
853 1168 1080 1237 necessarium
1116 1186 1193 1238 esse
1227 1164 1457 1238 adolescentes
1493 1175 1585 1238 certo
1622 1170 1774 1261 regimini
1808 1178 1909 1263 atque

255 1305 395 1397 imperio
423 1300 599 1394 subjicere,
627 1270 714 1397 quod
741 1323 787 1372 ex
813 1304 893 1396 ipsis
919 1299 1088 1374 sodalibus
1115 1311 1278 1392 sumtum,
1303 1304 1481 1398 praecipue
1495 1302 1677 1376 secundum
1702 1306 1906 1399 singularum

249 1447 412 1512 terrarum
440 1447 474 1512 et
498 1442 646 1532 gentium
673 1438 928 1512 consuetudines
956 1439 1223 1512 constituebatur.

349 1577 446 1650 Unde
485 1577 646 1672 gliscente
682 1575 786 1648 abusu
821 1580 927 1648 extitit
961 1577 1206 1672 pennalismus,
1241 1581 1297 1673 qui
1322 1578 1409 1673 apud
1435 1588 1600 1652 australes
1637 1577 1773 1669 dicitnr,
1808 1604 1903 1653 more

246 1713 393 1804 Gallico,
422 1739 487 1811 quo
515 1712 712 1788 vocabulum
740 1718 883 1787 occurrit
909 1714 1119 1806 bejaune:
1146 1715 1285 1790 beamus.
1338 1715 1370 1788 ls
1386 1725 1436 1789 est
1464 1717 1616 1789 novellus
1644 1716 1820 1810 studiosus,
1848 1722 1905 1813 qui

246 1853 288 1926 ad
313 1853 530 1926 Academiam
556 1856 832 1949 superaccessit:
856 1853 982 1926 beanus
1009 1862 1059 1926 est
1086 1855 1216 1927 avicula
1242 1858 1399 1926 nesciens
1427 1859 1529 1927 vitam
1555 1855 1792 1946 studiosorum,
1819 1879 1905 1950 quae

252 1992 395 2064 nondum
423 2014 443 2062 e
469 1991 546 2064 nido
560 1991 720 2063 evolavit.
773 1990 905 2063 Beanus
919 1990 1089 2087 deponere
1103 1990 1212 2064 debuit
1226 1994 1328 2064 vitam
1343 2001 1554 2082 consuetam,
1581 1997 1626 2065 uti
1639 1992 1760 2088 placuit
1778 1993 1904 2084 dicere,

249 2151 390 2201 cornua:
427 2129 504 2202 ideo
548 2133 629 2202 ritus
665 2139 697 2200 et
737 2130 856 2200 modus
893 2128 1106 2226 depositionis
1140 2128 1323 2202 bearorum
1360 2126 1649 2224 (Gelbschnabel).
1700 2131 1732 2204 ls
1769 2131 1902 2225 quidem

245 2267 465 2362 recipiebatur
491 2271 578 2339 inter
602 2266 824 2357 bacchantes,
850 2270 943 2360 cujus
971 2268 1119 2364 capellos
1147 2267 1317 2362 depositos
1345 2267 1617 2361 circumcidebat,
1654 2279 1764 2341 certos
1796 2291 1904 2362 quos-

250 2405 324 2479 dam
353 2409 432 2478 ritus
459 2404 660 2494 observem,
700 2405 787 2477 unde
813 2405 1004 2478 Soboristae
1038 2428 1159 2480 nomen
1193 2407 1393 2504 accipiebat,
1427 2410 1565 2503 ipseque
1613 2429 1697 2480 vero
1733 2407 1904 2480 familiaris

249 2546 408 2637 magister
434 2547 528 2638 quasi
556 2531 645 2632 erat,
673 2547 770 2636 eique
796 2542 944 2616 subditus
970 2544 1151 2640 pennalista
1178 2547 1371 2620 vocabatur.

353 2681 455 2752 Hicce
482 2681 705 2776 pennalismus
743 2703 815 2753 cum
851 2683 951 2755 multa
987 2683 1118 2755 afferret
1153 2684 1239 2755 mala
1275 2692 1308 2755 et
1342 2679 1606 2776 detrimenta,*)
1642 2707 1661 2755 a
1696 2682 1898 2779 principibus

247 2819 410 2892 nonnullis
438 2839 544 2914 aeque
571 2829 668 2914 atque
708 2844 727 2892 a
765 2831 932 2893 conventu
967 2825 1150 2918 principum
1179 2822 1436 2894 Protestantium
1471 2821 1670 2894 Germanico
1696 2821 1900 2917 Ratisponae

248 2966 508 3030 convocatorum
543 2960 700 3052 imprimis
727 2957 949 3031 Palatinarum
975 2961 1190 3032 severissime
1204 2957 1471 3032 interdicebatur.
1479 2956 1539 3054 *Ἴ
1591 2959 1628 3032 ln
1656 2955 1902 3033 catholicorum

245 3093 523 3168 Universitatibus
549 3098 656 3169 minus
682 3105 886 3193 propagatus
913 3098 968 3168 ille
1008 3098 1111 3171 luisse
1154 3097 1296 3193 indeque
1323 3101 1421 3170 etiam
1447 3102 1608 3173 minorem
1643 3102 1711 3171 vim
1745 3097 1902 3175 babuisse

246 3232 387 3305 videtur.

350 3371 554 3464 Quamquam
582 3371 637 3443 vel
664 3376 806 3465 posteris
833 3372 1033 3467 temporibus
1047 3376 1166 3447 mansit
1178 3394 1316 3445 nomen:
1344 3374 1498 3447 novellus
1524 3375 1722 3466 studiosus,
1736 3375 1814 3446 olim
1828 3397 1899 3446 vo-

247 3508 384 3581 cabatur
413 3511 657 3599 iustinianista,
683 3513 790 3582 scrius
816 3532 905 3582 voce
931 3512 1122 3604 germanica
1148 3507 1367 3604 Fucbszffl)
1393 3513 1514 3584 interiit
1547 3523 1656 3584 tamen
1684 3523 1717 3585 et
1744 3479 1901 3585 nationa-

248 3648 361 3719 lismus
388 3656 421 3719 et
446 3647 687 3743 pennalismus:
715 3646 774 3719 sed
802 3669 888 3719 nuno
907 3652 1017 3719 exorti
1043 3658 1118 3721 sunt
1131 3648 1286 3741 ordines,
1313 3648 1531 3743 quidicuntur
1559 3688 1605 3703 -
1633 3650 1757 3723 similes
1783 3654 1899 3723 socie-

248 3788 305 3856 tati
339 3784 538 3857 latomorum
577 3785 714 3879 aliisque
748 3786 932 3877 huJusmodi
974 3788 1144 3877 institutis,
1188 3806 1271 3859 mox
1316 3807 1397 3861 vero
1432 3798 1465 3861 et
1499 3792 1560 3883 ipsi
1596 3787 1715 3860 sublati
1755 3798 1832 3861 sunt
1866 3799 1900 3861 et

248 3921 420 3995 interdicti.
474 3921 652 3994 Praeterea
678 3925 889 3996 inveniuntur
923 3924 1114 3997 sodalitates
1149 3934 1183 3997 et
1210 3949 1373 4023 corpora,
1408 3949 1493 4020 quae
1528 3928 1597 3999 suis
1632 3930 1758 4000 statutis
1792 3948 1900 4020 roge-

246 4058 366 4131 bantnr
392 4063 587 4155 praesertim
614 4065 647 4133 in
674 4064 733 4148 iis,
773 4086 857 4158 quae
885 4062 926 4135 ad
962 4062 1103 4135 duellum
1129 4067 1293 4158 pertinent
1319 4075 1488 4161 receptum
1513 4087 1607 4136 mora
1633 4066 1825 4155 germanico
1853 4084 1900 4136 ex

246 4206 333 4271 statu
360 4197 527 4272 nobilium.
579 4200 635 4272 Ac
654 4210 742 4275 'sane
768 4203 824 4274 vel
851 4202 989 4274 abusum
1017 4204 1127 4294 utique
1152 4201 1251 4273 facile
1278 4207 1479 4297 irrepentem
1492 4206 1521 4276 si
1534 4206 1761 4291 concesseris,
1789 4212 1898 4273 tamen

246 4341 369 4428 negari
397 4340 527 4429 nequit,
554 4336 776 4409 studiosorum
798 4341 961 4429 Juvenum
987 4341 1108 4431 vitam,
1144 4364 1230 4437 quae
1256 4341 1468 4413 societatibus
1496 4351 1628 4432 careat,
1664 4342 1804 4433 cogitari
1837 4341 1900 4410 vix

249 4494 369 4568 posse:
399 4495 594 4569 quamquam
622 4474 661 4545 ad
689 4478 786 4547 animi
812 4480 1052 4549 recreationem
1078 4483 1234 4575 vitaeque
1252 4479 1766 4573 jucunditatemintalibusnunc
1792 4479 1900 4572 magis

351 4759 384 4841 *)
406 4766 572 4824 Schweb
595 4767 699 4841 syllab.
722 4773 829 4827 rector.
853 4774 874 4826 t.
897 4770 935 4827 II.
959 4788 1028 4847 pag.
1054 4772 1101 4829 15.

349 4878 405 4961 '*)
428 4884 538 4943 Annal.
560 4888 753 4964 Heidelberg.
777 4891 846 4946 enni
873 4892 963 4949 1654.
986 4910 1015 4965 p.
1040 4894 1111 4968 377,
1137 4893 1208 4949 379.

350 5000 384 5081 ⁴¹)
406 5006 597 5065 Schulluchs.
